2694 4762
338 179 341 189 ι
861 163 872 178 ⁸
1065 166 1076 190 N

189 233 264 335 xaod
355 225 356 234 '
392 239 395 249 ·
483 233 735 304 connecti
767 238 996 306 urrorrs

151 531 154 534 ,
185 453 272 524 ‘nun
287 462 351 524 vol.
366 465 405 524 ll.
427 465 538 528 fascic.
557 466 594 528 11.
614 462 650 548 p
666 458 736 526 655.
753 481 845 545 seqq.
866 460 1033 547 plerisque
1046 460 1196 522 omnibus
1217 462 1284 521 cri-

200 570 429 633 minationibus
467 569 534 634 suis
570 560 700 630 abunde
724 565 927 630 satisfactum·
954 567 1018 628 elle
1053 567 1282 654 conspexillet.
1342 595 1343 650 ι

124 665 127 672 ’
201 677 299 772 Quod
322 697 401 740 vero
424 674 668 740 observationes
695 673 860 738 historicas
887 694 926 736 ex
948 672 1118 734 doctorum
1135 673 1284 734 virorum
1342 659 1343 664 ἵ

201 783 439 850 commentariis
451 784 508 846 ille
523 781 731 869 compilavit,
760 802 884 867 easque!
898 781 976 846 satis
993 779 1141 842 ridiculis
1158 773 1283 842 errori-

201 890 261 953 bus
280 892 359 972 ⁸suis
380 890 569 974 ,inquinatas
590 877 684 952 novis
711 888 857 952 Cornelii
881 887 1117 972 exemplaribus
1149 886 1283 958 adlevit,
1342 931 1343 936 ι

201 997 237 1068 is
257 996 320 1059 hoc
339 994 470 1080 quidem
485 1011 632 1080 tempore
648 997 732 1061 ferat
748 997 879 1070 taciturn
897 1016 914 1056 a
931 1014 1005 1066 me,¹
1034 995 1086 1057 cui
1104 1014 1169 1055 non
1189 991 1284 1076 flagi-

201 1103 246 1166 tia
261 1125 279 1164 a
292 1101 451 1188 postremo
468 1104 603 1188 Nepotis
625 1103 751 1167 editore
765 1103 893 1165 admilla
906 1097 1132 1186 manifestare,
1149 1102 1209 1164 sed
1222 1123 1285 1186 po-

200 1211 265 1274 tius
286 1210 333 1272 ‘dc
359 1215 487 1295 Nepote
514 1209 612 1292 ipso,
652 1211 680 1271 si
703 1231 764 1294 qua
784 1210 930 1293 possim,
964 1208 1047 1271 bene
1073 1208 1213 1281 mereri,
1252 1222 1286 1270 et

160 1297 161 1302 ἵ
198 1314 374 1402 praefidia,
411 1315 527 1400 quibus
554 1314 653 1396 adjuti
682 1317 736 1382 ali-i
763 1318 859 1380 etiam
879 1313 1122 1384 laudatiffimum
1141 1314 1285 1398 scripto·
1343 1341 1344 1374 ι

170 1458 175 1464 -
198 1445 269 1484 rem
283 1407 421 1484 ulterius
436 1441 592 1486 exornare
607 1421 739 1508 pollint,
769 1424 914 1487 indicare
929 1421 989 1485 hac
1005 1422 1184 1506 scriptione
1202 1442 1284 1506 pro-

71 1517 73 1530 '
140 1537 143 1552 ‘
197 1528 331 1614 politum
347 1526 400 1592 cst
444 1528 667 1612 suggeruntur
680 1531 751 1606 illa,
771 1551 883 1640 quae
873 1531 958 1604 dixi,
981 1528 1021 1594 de
1040 1527 1195 1592 Cornelio
1215 1533 1285 1592 Ne·
1343 1593 1344 1598 ,

37 1667 43 1674 ·
129 1660 185 1721 ¹⁸7
198 1650 276 1722 pote
294 1635 544 1697 benemerendi
558 1637 713 1722 praesidia
736 1639 775 1700 ab
798 1601 1028 1703 instrictiffima
1050 1633 1284 1718 rarillimisque

196 1764 236 1806 cx
258 1742 345 1818 omni
371 1709 616 1825 disciplinarum
643 1765 764 1830 genere
785 1743 1000 1808 monumentis
1014 1730 1145 1805 referta
1161 1741 1285 1806 biblio·
1343 1769 1344 1774 ¹

194 1850 288 1914 theca
304 1847 583 1913 Sereniffimorum
597 1853 724 1914 Ducum
738 1849 1041 1941 Brupsvicensium,
1063 1849 1212 1934 adquam
1225 1850 1284 1910 ad·

194 1951 340 2021 miranda
364 1955 597 2020 clementillimi
615 1957 716 2041 patris
732 1957 857 2042 patriae
878 1953 1095 2030 munificentia
1121 1957 1283 2041 quotidie,

154 2057 160 2064 ’
177 2077 321 2166 Ιιιιιιιιιιιι
346 2063 502 2136 liberum,
534 2065 689 2126 accellum
705 2084 771 2124 non
787 2063 912 2126 civibus
930 2062 1049 2146 magis,
1080 2086 1175 2148 quam
1192 2079 1283 2127 exte

196 2169 263 2243 ris,
292 2161 460 2278 concedit,
490 2183 525 2232 ut
545 2169 620 2230 dum
645 2169 745 2244 sint,
742 2167 811 2254 qui
833 2184 919 2234 tanta
942 2169 1141 2256 indulgentia
1166 2173 1284 2256 optimi

156 2321 159 2327 ·
193 2273 360 2360 Principis
388 2233 434 2338 uti
465 2276 585 2352 velint,
629 2297 683 2338 res
712 2273 906 2341 litteraria
892 2274 1037 2340 maximis
1067 2273 1143 2342 inde
1168 2279 1284 2379 augeri

143 2385 147 2393 '
196 2381 292 2470 queat
308 2383 527 2498 inprernentis
639 2427 644 2440 .

157 2707 162 2714 .
200 2665 206 2676 ·
277 2625 366 2686 luter
389 2643 545 2700 cavero,
584 2607 665 2713 quae
686 2627 816 2690 futurus
840 2625 977 2712 Nepotis
1001 2605 1109 2688 editor
1125 2647 1166 2688 ex
1182 2625 1285 2688 Guel-

104 2783 107 2796 .
195 2729 395 2816 pherbytano
420 2732 572 2797 thesauro
596 2719 721 2797 auctori
754 2754 812 2794 suo
843 2734 963 2796 decora
986 2733 1083 2819 possit
1110 2732 1285 2804 arcellere,

195 2839 249 2900 vel
263 2839 371 2943 primo
385 2839 459 2902 loco
474 2841 609 2904 veniunt
624 2840 902 2905 commemoranda
926 2840 991 2904 duo
1014 2839 1285 2904 excellentissimi
1344 2853 1345 2904 ξ

195 2931 351 3056 biliorici
354 2947 550 3032 fragmenta,
581 2969 664 3033 quae
686 2949 792 3018 codici
816 2949 947 3034 antiquo
973 2947 1142 3011 Ciceronis
1162 2945 1288 3008 oratio·
1344 2959 1345 2962 ’

195 3049 272 3117 num
293 3054 547 3139 Philippicarum
566 3057 819 3141 praescripserat
847 3043 963 3131 bomo,
1006 3059 1062 3142 qui
1088 3078 1105 3118 a
1135 3053 1286 3118 Cornelii

195 3159 332 3244 Nepotis
357 3157 545 3224 testimoniis
570 3163 664 3246 operi
687 3163 835 3225 Tulliano
862 3165 1003 3248 petierat
1032 3161 1285 3226 commendatio-

195 3287 281 3329 nem.
317 3268 407 3354 Haec
423 3287 462 3328 eo
480 3266 641 3332 studiolius
660 3271 868 3355 excerpenda·
885 3293 989 3356 eoque
1005 3272 1160 3332 maturius
1178 3269 1212 3330 in
1220 3291 1287 3352 pu·

194 3373 301 3436 blicos
318 3373 605 3442 eruditorumusus
622 3379 819 3464 proferenda
838 3379 931 3452 duxi,
955 3401 1018 3464 quo
1036 3359 1143 3441 rarior
1165 3375 1210 3440 est
1225 3397 1285 3438 no-

195 3469 270 3544 linis
300 3483 502 3566 temporibus
526 3486 672 3560 fortuna,
712 3501 776 3549 tam
799 3487 940 3571 insignia
962 3499 1169 3550 monumenta
1192 3486 1285 3548 inre·

197 3586 348 3666 uitandi,⁸
369 3611 466 3672 quum
493 3591 556 3672 jam
577 3592 706 3676 pridem
731 3593 909 3678 philologi,
944 3594 1141 3678 perreptatis
1164 3591 1285 3676 pleris-

181 3714 262 3778 que
279 3695 505 3771 bibliothecis,
532 3700 729 3786 excuffisque
745 3721 854 3765 earum
870 3701 1006 3778 forulis,
1037 3703 1187 3786 antiquae
1210 3721 1285 3762 eru-

198 3802 351 3879 ditionis,
383 3825 608 3902 quascumquex
628 3786 782 3893 indagare
803 3824 998 3893 potuerunt,
1038 3809 1196 3894 reliquias
1219 3829 1285 3896 ma-

135 3945 139 3961 ,
195 3921 261 3994 gna
283 3909 453 3975 sedulitate
475 3913 627 3976 collectas
651 3915 908 3999 publicaverunt.
957 3917 1152 3982 ,Iudicabunt
1180 3929 1285 3977 autern

196 4016 263 4080 viri
253 4014 385 4091 'docti,
416 4019 558 4101 majorne
572 4024 675 4103 gratia
690 4012 965 4124 Guelpherbytani
987 4023 1111 4088 codicis
1129 4018 1285 4104 scriptori

95 4217 98 4223 r
198 4105 353 4186 debeatur
371 4108 567 4214 Ciceronis,
597 4150 636 4192 an
659 4132 796 4217 Nepotis
824 4132 973 4205 nomine,
1004 4151 1143 4216 quorum
1164 4130 1285 4192 utrius-
