2698 4760
186 291 949 438 ’666666666666666
1090 283 1171 407 ,6,

60 455 1133 490 ΜΝ

97 553 140 590 sc.
168 554 184 590 e
206 531 326 592 litteris.
353 531 430 590 hunc
454 531 594 604 cognovit
662 531 695 588 ι1ἰ
715 534 812 590 niente
833 537 970 606 clamque
989 530 1079 589 celati
1102 549 1157 588 sac

96 605 222 676 pueram
235 603 268 662 in,
282 601 370 663 ludo,
394 600 593 672 deinitiosssn·
661 547 744 674 peili.
754 603 853 657 Boeel.
870 603 966 658 Tacit.
978 621 1051 658 ann.
1065 607 1092 680 4,
1109 607 1154 668 66,
1180 651 1188 672 q

97 670 217 726 miliar.
230 675 272 735 25,
290 689 331 735 ι6,
346 671 372 726 3.
384 669 522 743 cognosci
536 687 593 722 me·
661 675 689 740 4.
709 671 805 738 eiiam
819 671 995 724 labefactum
1011 668 1154 724 demovis-
1212 685 1218 693 ·

97 757 211 792 morem
245 750 434 812 gratumque,
467 737 595 809 reperiri

97 809 145 874 25,
161 827 189 876 6,
208 810 233 863 5.
250 808 396 880 cognitum
414 806 593 872 telemiurli.

96 892 167 930 care
196 877 338 950 aliquem,
359 873 457 946 sactis
480 876 594 948 specta*-

97 950 166 999 inm
183 963 208 1010 1,
230 965 252 1007 ι,
273 963 298 1000 ι.
312 945 456 1020 cognitam
472 944 594 1017 diligen-

97 1023 146 1066 ter
159 1013 268 1068 habere
292 1014 511 1086 antiquitatem,
529 1029 592 1086 per-

663 749 716 814 qet.
737 758 810 794 oon.
825 743 852 806 6,
870 757 913 809 ac,
933 739 958 793 5.
976 741 1155 793 Mamercum
1234 786 1237 799 ,

661 806 802 860 labefecit
819 806 968 894 Macronis¹
986 806 1095 860 odium.

629 915 797 970 collaudare
812 916 939 999 aliquem
954 920 981 983 4,
1000 934 1027 979 n,
1045 919 1071 971 5.
1089 915 1154 970 olli·

663 985 739 1038 cium
755 985 938 1053 6116676665,
956 989 984 1054 4,
1003 1003 1029 1039 a.

98 1082 286 1154 spectameli,
300 1084 341 1147 18,
353 1103 373 1136 1.
385 1083 593 1147 amancium,
629 1077 742 1174 ,611646
761 1089 805 1168 [1,
824 1103 850 1166 5,
865 1116 892 1158 2.
911 1121 937 1168 e,
953 1120 980 1170 7,
1001 1123 1028 1158 ι.
1040 1119 1069 1170 7,
1086 1076 1113 1162 6,
1129 1101 1157 1155 6.

98 1148 152 1204 sed
172 1151 321 1223 cognitum
344 1149 517 1225 praedicare
539 1150 593 1203 ali-

98 1217 172 1300 quiql
185 1255 193 1282 ,
212 1229 396 1302 contpertum
407 1221 531 1292 propria
544 1236 594 1282 esc·

97 1293 268 1360 pertenire,
285 1306 347 1346 non
365 1288 494 1344 oliorum
517 1285 610 1344 rela·=

98 1362 151 1424 tu,
194 1357 308 1424 25,13,
338 1377 367 1481 ¹q.
394 1357 512 1426 cognito
539 1357 594 1410 hoc
654 1377 656 1384 ’

98 1439 263 1495 responso,
296 1443 335 1481 66
358 1427 401 1482 ito
427 1423 594 1483 intellecto·

98 1507 157 1576 qne
168 1494 209 1555 63,
225 1511 252 1555 7,
265 1496 291 1562 4.
308 1494 423 1565 cognita
440 1511 545 1559 cauea,
561 1493 596 1548 in

91 1559 393 1641 judiciodisccptota
401 1570 430 1619 et
438 1563 595 1634 enqmina·

100 1641 136 1692 ta
156 1648 226 1712 1,.7,
250 1633 276 1684 6.
294 1632 359 1688 sub·
381 1648 408 1695 a,
434 1634 454 1688 i.
477 1650 503 1687 e.
529 1635 597 1704 poet

100 1706 261 1820 66466666
296 1719 377 1756 cons.
404 1702 447 1757 sic
479 1699 595 1771 cognita

50 1787 62 1797 ·
100 1786 142 1822 vo
155 1776 252 1820 untale
270 1767 354 1834 hujus
370 1773 397 1835 4,
417 1782 442 1832 α,
463 1773 491 1826 6.
508 1785 595 1822 nemo

663 1171 708 1236 ιδ,
730 1171 759 1234 8,
788 1188 811 1225 ι.
836 1172 879 1234 63,
898 1175 926 1236 4,
950 1176 993 1230 6.]
1017 1170 1158 1241 collegam

662 1238 772 1297 hahere
796 1237 921 1310 aliquem
940 1238 970 1291 in
989 1238 1158 1302 consulatu,

663 1323 785 1360 censura
803 1312 882 1370 641,
901 1322 924 1360 ι.
939 1306 1068 1378 collegae
1089 1303 1158 1382 ‹lanr

663 1385 712 1428 tur
735 1374 814 1439 huic,
834 1393 875 1430 sc.
892 1373 1019 1448 gerend.
1039 1371 1109 1430 bell.
1125 1374 1158 1428 in
1205 1377 1208 1388 '

664 1442 960 1568 q’irqtpreriquilitqrri,
976 1451 1033 1564 ο(6ιέ
1049 1461 1157 1565 gleni}-

681 1619 689 1638 ,
703 1579 730 1637 3.
739 1531 871 1653 ‘cilligii
884 1529 1070 1654 oisiaciaiie,
1084 1534 1156 1636 'siti

663 1598 830 1720 iegationis
845 1667 870 1715 a,
887 1667 916 1718 7,
936 1663 959 1704 t.
978 1647 1087 1702 habere
1104 1648 1157 1712 hoe

664 1719 706 1782 ae.
724 1736 751 1786 7,
761 1719 795 1774 ’3.

99 1833 316 1921 nisi-‘industria
334 1835 459 1906 cognite,
480 1843 595 1960 54²⁶&ss-
631 1852 698 1908 colli
721 1870 771 1907 ere
795 1871 926 1918 manum,
944 1853 1083 1926 copiae-7,
1092 1869 1120 1922 7,
1130 1853 1156 1922 4.

100 1912 153 1960 tae
170 1901 350 1962 industriae.
381 1903 485 1960 Sabou
510 1943 517 1958 .
541 1924 594 1962 66-
630 1975 633 1984 ,
663 1869 1155 1996 663146666616466611666663,

100 1981 164 2030 tem
189 1991 299 2030 nomen
321 1994 387 2030 cum
411 1993 547 2048 praepos·
563 1981 596 2029 61

100 2043 225 2113 integre
242 2043 303 2106 sit,
328 2043 432 2109 homo,
459 2041 503 2100 vel
529 2043 594 2108 vir,

100 2128 168 2168 cum
186 2107 246 2165 ind.
266 2129 349 2186 cogn.
377 2101 469 2167 Vo‘rst.

66 2221 236 2275 cohortatio
254 2220 377 2274 militum
395 2221 437 2287 fit,
456 2219 498 2277 od
513 2219 596 2280 mili·

101 2294 169 2376 tes.
181 2289 224 2356 ti,
242 2306 282 2354 ιι,
301 2301 323 2348 1.

66 2388 168 2452 coire,
192 2385 367 2462 conspirare
387 2391 428 2452 16,
442 2413 467 2462 2,
484 2391 510 2446 3.
532 2409 597 2452 cum

102 2457 223 2530 aliquo,
243 2459 283 2514 cd
302 2460 475 2514 societatem
486 2457 597 2530 sactio-

102 2529 132 2585 si
154 2527 276 2583 consilii
299 2526 440 2584 accedere
464 2523 550 2592 enti,
568 2532 595 2595 4.

103 2595 187 2650 coire
213 2597 381 2660 societatem
407 2615 469 2649 cum
499 2597 535 2650 nli
560 2615 597 2650 66

101 2683 131 2735 9,
152 2687 177 2723 6,
194 2677 219 2722 2.
237 2663 288 2720 Sic
301 2683 390 2736 saepe
409 2666 467 2722 Cic.
486 2675 514 2726 et
532 2615 597 2725 (11ἰί.

100 2752 133 2786 v.
153 2731 314 2789 Sanctiam
331 2737 462 2792 Mineru.
483 2737 504 2792 l.
522 2739 548 2792 3.
569 2753 598 2808 p·

102 2805 155 2858 151.
174 2801 226 2858 til.
242 2807 269 2870 4.
286 2822 315 2875 ρ.
331 2806 392 2870 346.
419 2805 496 2860 Voss.
514 2805 552 2860 de
566 2823 598 2858 a·

102 2869 212 2943 66164.
220 2874 246 2932 3,
263 2876 289 2940 4.
301 2873 351 2942 qui
358 2872 599 2948 hancintegram

102 2947 214 3014 putant
230 2939 430 3007 locutionem,
447 2947 480 3000 in
505 2942 601 3016 priori

104 3027 132 3062 6.
149 3009 276 3064 subaud.
296 3030 359 3068 esse
373 3013 408 3066 rei
430 3015 600 3068 societatem

104 3075 152 3146 uel
171 3078 339 3132 coitionem.
361 3083 427 3158 Ego
444 3091 601 3154 utramque

105 3144 275 3220 elliplicqm
289 3167 411 3216 censeo,
432 3149 486 3207 seri
498 3152 601 3224 magia

103 3216 249 3287 priorem.
268 3218 424 3290 integrum
430 3219 529 3290 fuerit
541 3221 601 3274 col-

104 3301 140 3340 re
160 3285 230 3339 ilum
247 3286 288 3348 (6.
300 3289 392 3355 viam,
412 3287 456 3346 vel
471 3288 600 3354 coitum)

105 3352 145 3424 aei
163 3355 341 3409 societatem.
446 3379 452 3388 ·

68 3465 174 3520 celere
198 3482 300 3535 agros,
326 3477 360 3524 ut
382 3488 495 3534 aereos,
520 3471 546 3536 4,
572 3469 600 3536 3,

105 3535 133 3588 6.
167 3534 303 3587 sacellum
339 3539 534 3606 sanctissime,
565 3536 602 3594 tie

106 3601 191 3657 cultu
207 3601 351 3678 religioso
368 3609 401 3663 in
417 3605 529 3664 sacello
540 3605 601 3670 fie-

106 3671 137 3727 ri
159 3670 248 3727 sclito
275 3691 326 3743 ao,
348 3678 374 3742 4,
389 3677 419 3743 4.
439 3677 483 3730 sic
507 3693 602 3731 sacra-

105 3737 184 3793 rium
195 3757 303 3794 summa
313 3745 411 3798 colere
422 3743 602 3799 caerimonia

106 3829 134 3869 2,
153 3807 181 3874 3,
200 3813 227 3876 4.
244 3810 301 3862 coli
315 3811 423 3866 litteris
436 3812 473 3865 ab
490 3813 600 3884 aliquo,

106 3874 147 3932 de
156 3882 335 3936 commercio
344 3878 541 3954 epistolarum
551 3877 600 3948 fe·

106 3944 279 4002 miliarium
304 3949 346 4012 25,
371 3968 413 4014 ae,
431 3953 457 4018 4.
482 3947 602 4016 [colere

106 4013 235 4088 aliquem
255 4015 425 4084 florentem,
444 4015 603 4076 obseruare

40 4142 42 4147 ,
107 4081 154 4148 25,
173 4087 298 4162 ,ιι,“4.]·

663 1993 691 2055 6,
710 1995 736 2061 4.
757 1991 984 2066 [6666616663
1004 2007 1043 2060 ι6,
1063 1995 1110 2058 4.]
1198 2011 1200 2016 ·

631 2083 716 2139 oollie
736 2084 897 2164 Quirinalia
912 2085 955 2166 65,
971 2085 1019 2147 ι3,
1038 2102 1063 2138 ι.
1097 2080 1163 2146 citi..
1237 2121 1238 2128 ι

665 2160 731 2209 not.
776 2170 781 2175 ·

634 2277 782 2334 collocare
800 2251 1012 2348 multitudinem
1026 2276 1056 2330 in
1070 2277 1157 2350 agric,

665 2365 706 2402 sc.
732 2344 872 2402 deductos
892 2343 1014 2401 colonas
1035 2364 1057 2411 1,
1085 2365 1111 2407 e,
1135 2363 1156 2398 1.

666 2414 697 2470 l.
715 2435 740 2471 e.
766 2432 859 2488 agros
880 2413 1063 2487 adsignare,
1088 2431 1159 2484 quoe
1197 2433 1203 2452 ¹
1277 2411 1280 2420 ’

668 2481 789 2545 colant,
809 2481 908 2555 ibique
922 2481 1157 2547 (166ιί6ἰὶ166ιῇ-

666 2560 755 2626 gant.
772 2552 882 2604 Buchn:
905 2551 990 2603 alicui
1006 2551 1092 2603 filiam
1109 2555 1161 2616 65,
1250 2548 1259 2564 “

668 2639 710 2690 19,
725 2623 750 2687 4.
766 2620 809 2674 sic
825 2619 980 2684 collocari,
1000 2637 1040 2673 sc.
1058 2618 1086 2670 in
1100 2637 1157 2672 ma·

666 2687 854 2752 trimouium,
873 2705 930 2762 qna
938 2689 1059 2761 integra
1068 2688 1158 2758 plera·
1168 2713 1171 2726 ·

668 2759 696 2814 si
714 2756 774 2810 Cic.
793 2773 864 2810 usus
881 2763 940 2812 est.-
959 2754 1072 2812 elocari
1087 2759 1113 2818 3,
1131 2760 1158 2821 3,

667 2828 694 2882 3.
710 2827 752 2882 sic
765 2843 852 2896 quum
866 2825 951 2897 virgo
968 2825 1077 2878 nubilis
1092 2843 1159 2898 pro·
1199 2830 1202 2843 ¹
1267 2813 1269 2824 ’

666 2905 734 2968 pter
742 2904 942 2967 paupertatem
951 2893 1089 2947 collocari
1100 2911 1160 2947 non

690 2973 766 3018 osset
791 2967 833 3027 15,
857 2964 885 3028 3,
910 2962 936 3018 5.
963 2961 1106 3017 collocata
1129 2961 1160 3015 in

667 2983 757 3086 111666
772 3029 940 3102 praesidia,
953 3032 1069 3108 posito,
1089 3048 1159 3088 con·

669 3101 776 3158 stituto
795 3103 837 3166 63,
856 3123 898 3165 ιι,
916 3107 943 3162 4.

635 3237 764 3310 colloqui
785 3241 868 3298 tcum
885 3235 1028 3308 aliquoi,
1044 3253 1068 3300 2,
1086 3240 1113 3304 4·
1132 3255 1158 3304 6,

667 3307 694 3372 3,
720 3323 745 3362 n.
775 3303 816 3368 18,
838 3315 878 3368 tt,
904 3327 928 3361 a.
950 3304 986 3357 de
1009 3304 1104 3376 aliqua
1126 3321 1160 3360 re

671 3391 712 3436 ι6,
727 3392 753 3439 e,
767 3377 793 3438 4.
814 3372 894 3438 ann
909 3378 935 3456 4.
956 3373 1081 3445 aliquam
1097 3391 1160 3438 rem
1207 3379 1213 3396 ‘

669 3460 695 3508 n,
722 3463 749 3508 q,
769 3447 816 3510 4.]
834 3459 891 3514 per
916 3441 1111 3496 internuntios
1133 3462 1159 3511 7,

669 3512 696 3580 5,
714 3517 740 3568 3.
758 3509 944 3581 colloquendi
956 3511 1048 3573 ,(1166,
1068 3507 1159 3566 66116-

669 3585 738 3652 quio
754 3580 974 3646 deslinaiats14,
985 3599 1020 3642 ιι,
1037 3579 1159 3634 neelle-

670 3649 776 3722 quentli
794 3658 906 3719 tompus
924 3663 1037 3704 rumore
1057 3653 1097 3716 ι4,
1118 3667 1159 3712 ιι,

671 3729 695 3773 t.
716 3719 896 3788 colloquium
914 3717 1034 3784 alicujus
1059 3727 1161 3787 petere

672 3794 713 3858 14,
749 3806 776 3850 o,
795 3789 821 3842 3.
839 3786 869 3838 16
884 3785 1064 3859 colloquium
1082 3786 1161 3838 veni·

669 3876 702 3913 re
716 3855 793 3910 dere
803 3857 841 3921 14,
851 3874 884 3918 u,
894 3876 915 3909 r.
932 3853 1107 3916 [convenire
1119 3853 1161 3918 63,

669 3929 696 3992 6,
714 3931 754 3986 n]
774 3925 802 3978 in
817 3924 967 3994 colloquio
984 3918 1162 3989 aliquamdiu

670 4011 751 4060 esse,
769 3991 880 4117 (1361666
893 4001 962 4048 actu
975 3987 1163 4065 colloquendi

669 4067 709 4130 14,
731 4081 764 4128 11,
801 4104 809 4118 .

71 4176 256 4236 collabefieri
279 4177 317 4232 ab
335 4177 434 4250 aliquo
457 4179 555 4233 tcilula
573 4181 601 4243 3,
637 4179 786 4244 Gelonae,
804 4178 887 4235 locut
895 4179 928 4235 in
940 4163 1018 4250 tigre
1031 4173 1162 4234 Troadis

109 4252 136 4314 t,
154 4267 182 4306 a·
200 4243 340 4320 eleganti
347 4247 481 4324 metaph
492 4245 601 4326 tignis.

669 4247 790 4318 1633·
