2706 4750
212 267 275 340 ma

572 285 575 292 ·
654 261 857 328 *INDEX

243 477 281 538 de
297 479 469 540 Alexandri
482 481 508 538 o.
527 486 554 540 6.
573 490 640 558 post
655 477 740 556 cujus
773 481 978 553 Eurysthenis,
994 474 1050 540 r'eot
1061 482 1167 562 dpart.
1185 511 1230 564 17,
1249 515 1273 560 1,
1283 513 1307 551 2.

241 558 370 606 mortem
398 552 605 624 Cappadociae
620 550 737 626 proffe-

241 627 306 676 etns
321 617 493 677 destinatur
507 617 533 677 ci
549 643 576 687 2,
595 641 621 678 2.
643 621 739 676 Leon·

775 574 778 580 '
811 569 850 620 ¹7·
868 558 943 622 7s'4·
971 607 985 643 .'

241 688 453 744 nottinsidids
471 693 546 745 citat
563 709 588 745 c.
611 692 637 746 5.
664 689 743 744 Per·.
772 699 807 740 ex
822 687 956 762 originis
968 687 1237 759 significationem
1251 693 1303 751 lsa-

240 754 449 820 diccaefidus
475 777 499 812 c.
522 761 549 823 3,
570 779 594 812 2.
618 764 738 832 pugnat

240 835 308 879 cum
325 827 448 882 Cratero
467 835 495 882 et
511 829 604 882 uincit
620 846 644 882 c.
663 833 690 894 4,
710 846 734 881 2.

240 893 407 948 damnatur
423 897 532 968 eapitis
549 915 574 950 e.
596 899 622 960 5,
643 915 666 950 2.
683 893 734 958 ob-

238 977 337 1017 sessus
346 961 493 1020 callidum
502 965 734 1037 useerpatincen·

162 1045 165 1062 ¹
237 1039 301 1085 tum
321 1039 395 1102 c.*4.
415 1031 515 1088 euadit
532 1051 557 1085 ν.
579 1049 606 1100 7.
633 1031 735 1104 Olym-

145 1165 151 1176 (
235 1099 324 1172 pincti
338 1101 503 1172 prudenter
516 1098 652 1168 consulit
666 1120 691 1156 e.
706 1103 734 1164 (2,

237 1187 262 1223 2.
284 1174 313 1226 et
337 1168 473 1226 subvenit
495 1189 520 1225 c.
539 1173 565 1224 5.
593 1166 736 1224 aduersus

235 1236 425 1311 Antigonum
464 1236 576 1295 beilum
609 1239 736 1310 suscipit

236 1323 260 1360 c.
281 1323 308 1376 7,
335 1310 357 1362 2.
379 1307 502 1381 imperii
519 1309 733 1363 auctoritatem

235 1373 318 1448 apud
332 1391 401 1430 suos
424 1383 593 1432 commento
615 1393 731 1432 assecu-

234 1450 281 1498 tus
295 1453 320 1498 νζ
340 1463 366 1499 2.
384 1446 477 1500 uincit
498 1445 685 1518 Antigonum
704 1464 729 1499 c.

232 1512 261 1577 θ,
278 1533 301 1568 2.
313 1520 524 1570 ueteranorum
534 1513 664 1568 lieentia
675 1514 730 1568 im·

232 1577 355 1654 peditur
373 1601 399 1634 o.
425 1603 451 1638 2.
473 1584 657 1658 Antigonum
675 1580 730 1636 ad·

234 1657 406 1706 centantem
429 1651 546 1707 deludit
567 1657 633 1705 arte
656 1669 680 1704 c.
701 1671 728 1721 9.

168 1743 175 1752 ·
208 1755 211 1758 -
233 1719 282 1774 eui
301 1717 435 1792 pedidia
457 1719 589 1776 rnilitum
610 1717 731 1775 deditur

222 1804 257 1842 ’222
282 1804 328 1848 ros
343 1807 369 1844 2.
396 1797 426 1844 et
448 1796 652 1844 conservasset
676 1787 730 1849 ille

233 1874 258 1910 ν.
281 1857 308 1910 3.
328 1857 390 1910 nisi
408 1856 523 1912 inuidia
543 1857 666 1914 consilli
684 1865 728 1912 to-

206 1928 219 1974 .'
231 1924 291 1978 tius
301 1923 466 1984 obstitisset
479 1945 505 1980 e.
518 1943 562 1982 22.
580 1926 679 2007 igitur
695 1927 729 1984 in

231 1989 341 2046 duram
355 1991 525 2055 custodiam
539 2003 689 2068 conpoctas
701 2014 726 2049 c.

233 2079 274 2124 11,
295 2081 319 2115 2.
334 2060 482 2117 insciente
496 2061 727 2134 deniqueduti-

165 2173 168 2180 .
227 2143 311 2201 gono
331 2129 516 2194 interficitur
536 2151 560 2186 c·
588 2153 629 2196 22,
647 2137 675 2200 4.
698 2139 728 2188 et

219 2195 268 2250 *ab
283 2215 317 2253 eo
333 2197 501 2265 honorifice
517 2198 684 2272 funeratur
699 2219 724 2278 c.

231 2267 275 2332 13,
291 2269 319 2334 i·
407 2278 418 2296 ⁸

193 2390 348 2458 Eumenes,
367 2399 422 2448 ‘rex
436 2393 648 2469 Pergamenus,
667 2397 725 2452 Ro-

36 2462 44 2474 ‘
135 2501 140 2517 ,
227 2460 319 2513 manis
345 2464 470 2528 amicus,
497 2465 626 2522 uincitur
651 2473 725 2521 ,astu

224 2525 417 2587 vHannibalis
434 2533 476 2596 23,
498 2553 540 2590 22.
595 2581 610 2588 -

188 2651 382 2720 Eumolpidae
398 2675 433 2726 7,
451 2661 482 2723 4,
508 2659 535 2714 5.
554 2663 597 2720 [2.
615 2661 648 2726 6,
667 2644 722 2725 5,]

217 2718 345 2791 familia
355 2725 544 2796 sacerdotum
561 2727 669 2788 Athen·
683 2727 722 2784 ab

225 2790 373 2866 Euenoipo
396 2793 494 2860 dicta,
514 2815 586 2870 quos
605 2805 634 2854 et
654 2817 721 2856 con·

222 2859 293 2916 cilio
314 2857 434 2934 publico
449 2861 615 2936 aliquando
631 2885 720 2940 prae·

213 2925 330 2998 fuisse,
346 2939 453 2986 aleator
469 2937 514 2987 est
530 2927 611 2988 hier.
630 2933 668 2990 ab
684 2937 719 2992 h-

220 2999 275 3081 iex.
293 2999 333 3070 4,
346 3019 383 3122 sq.
407 2998 485 3056 adde
502 3005 611 3077 Meus-s.
631 3001 719 3060 Eleu·

221 3081 278 3121 sen.
302 3085 326 3120 c.
348 3085 358 3118 1
381 3106 388 3122 .
492 3075 505 3084 “
631 3075 633 3080 “

186 3182 312 3220 evocare
333 3167 472 3239 aliquem,
493 3171 610 3236 accire,
628 3167 672 3231 ati
687 3191 719 3230 se

220 3253 326 3290 uocare
343 3255 371 3306 9,
388 3240 414 3301 5,
431 3238 458 3291 3.
477 3233 554 3296 alibi
572 3241 679 3297 excire.
731 3292 734 3297 .

144 3415 147 3422 ,
185 3345 320 3424 E‘uropa,
337 3369 399 3407 una
418 3373 435 3410 e
455 3353 552 3410 tribus
570 3356 633 3415 orb.
658 3367 714 3416 cet.

217 3420 355 3490 parntes
381 3443 405 3488 1,
432 3423 459 3487 3,
483 3443 506 3477 2.
537 3441 576 3488 22,
595 3445 620 3488 2,
644 3446 667 3481 2.
687 3447 714 3494 2,

219 3507 245 3553 2,
261 3492 289 3554 4.
312 3491 446 3561 Europae
464 3493 617 3548 succubuit
633 3495 714 3562 Asia,

216 3556 255 3680 cale
282 3556 463 3680 anecorum
499 3561 613 3617 uirilius
638 3583 665 3630 2,
685 3569 713 3630 5,

236 3643 289 3680 .ν.
332 3643 386 3682 ssa.

127 3703 130 3713 ¹
181 3715 332 3797 Eurdpaei
357 3727 538 3800 adversarii,
558 3731 596 3788 als
618 3729 713 3793 Euro·

198 3803 256 3874 'pa
274 3795 374 3854 hostes
389 3797 428 3866 18,
446 3800 473 3866 3,
494 3817 520 3854 2.

179 3911 362 3984 Eurybiades
382 3933 438 3972 res
454 3915 710 3980 Lacedaemonio·

213 4001 299 4049 rum,
318 3999 344 4050 2,
363 3987 391 4050 4,
409 4004 436 4039 2.

176 4089 350 4214 liurpdice,
369 4101 462 4146 mater
492 4095 651 4181 Perdiccae
681 4111 712 4161 et

212 4159 233 4214 Ρ
258 4158 343 4234 ihppe
360 4175 400 4228 22,
420 4161 447 4228 3,
466 4179 492 4216 2.
654 4188 659 4194 ·

313 4251 335 4286 0

806 755 868 819 liet,
912 756 972 811 siue
993 761 1013 816 Ι.
1042 759 1231 815 nativitatem
1255 764 1303 816 ali-

805 826 886 889 cujus
908 827 1081 898 exprimas,
1097 835 1132 882 ut
1152 847 1188 882 ex
1213 830 1306 885 fratre

804 903 833 946 et
846 909 949 947 sorore
963 897 1040 957 nati,
1062 895 1226 964 &simmista
1238 899 1306 959 sta·

804 964 847 1019 itt
871 966 913 1028 14,
932 979 958 1028 2,
982 965 1009 1020 3.
1032 964 1157 1022 suedi.
1188 983 1305 1020 causam

803 1027 865 1092 rei,
891 1036 924 1107 pt
944 1047 1001 1104 qus
1025 1047 1059 1084 ex
1084 1049 1117 1086 re
1141 1031 1304 1100 majoribus

803 1097 891 1153 rebus
905 1101 1033 1170 praecise
1043 1102 1142 1173 coepit
1166 1113 1216 1171 24,
1230 1121 1263 1170 2,
1280 1123 1303 1164 2,

804 1183 862 1239 qua
883 1173 917 1219 et
938 1185 971 1221 re
987 1170 1098 1229 iratus,
1119 1173 1258 1243 privatus
1275 1172 1304 1230 iu

803 1233 879 1288 urhe
903 1237 1008 1290 mansit
1027 1239 1070 1304 24,
1094 1255 1120 1302 e,
1144 1255 1169 1292 2.
1194 1257 1255 1311 qua
1271 1257 1303 1293 ex

803 1320 837 1356 re
852 1303 962 1357 nobilis
979 1305 1057 1358 inter
1074 1307 1213 1378 aequales
1227 1308 1304 1362 iere-

802 1369 890 1424 batur
910 1374 954 1432 25,
974 1391 998 1436 1,
1014 1375 1041 1428 3.
1063 1376 1114 1428 ubi
1136 1393 1300 1448 quaerre

773 1485 775 1492 ,
802 1441 922 1522 integre
946 1441 1070 1512 ponitur
1096 1462 1152 1514 pro
1187 1461 1300 1517 quare,

801 1527 824 1564 e.
842 1529 867 1564 e.
885 1511 921 1574 ob
940 1525 1028 1581 quam
1046 1528 1183 1566 causam.
1203 1513 1255 1568 Sic
1268 1531 1301 1566 ex

801 1595 860 1649 quo
882 1578 1007 1643 accidit,
1025 1589 1073 1643 ut,
1092 1579 1175 1634 u'nde
1193 1583 1237 1646 25,
1258 1599 1301 1647 eo,

798 1649 824 1704 3.
843 1662 876 1699 ex
896 1665 954 1718 quo
973 1647 1075 1713 tiebat,
1103 1658 1135 1702 ut
1160 1667 1195 1717 7,
1213 1667 1247 1718 7,
1272 1668 1300 1704 2.

799 1731 856 1788 qua
877 1731 909 1767 er
926 1732 960 1769 re
977 1727 1110 1770 creverat
1131 1735 1198 1769 eum
1222 1717 1299 1771 lama

797 1794 858 1838 lum
875 1783 982 1856 opibus
1002 1781 1042 1837 ils.
1065 1803 1089 1840 u.
1105 1787 1131 1840 5.
1149 1802 1184 1838 ex
1202 1803 1240 1838 eo
1258 1786 1298 1840 ia·

797 1852 854 1906 cile
876 1851 982 1916 conjici
1005 1855 1117 1924 poterit
1140 1853 1188 1920 23,
1211 1859 1246 1921 4,
1269 1874 1294 1908 2.

797 1937 832 1974 ex
847 1919 929 1992 quib.
946 1917 1035 1976 eivib.
1054 1920 1090 1975 de
1104 1921 1212 1976 ceteris
1228 1942 1296 1994 pos·

797 1997 862 2043 cent
883 1987 1013 2054 iudicare
1034 1992 1074 2055 25,
1093 1992 1121 2055 6,
1140 2007 1165 2042 2.
1186 2007 1221 2043 ex
1243 1991 1295 2044 ali-

765 2067 776 2084 ·’
797 2075 854 2130 qua
868 2073 901 2108 re
918 2055 1040 2182 adipisci
1062 2060 1189 2131 gloriam
1210 2076 1253 2127 22,
1268 2078 1293 2126 2,

796 2143 830 2180 2..
845 2123 914 2182 Stre
926 2127 959 2182 ΙΙ
976 2126 1125 2197 meditus,
1147 2134 1180 2180 ut
1189 2143 1224 2182 ex
1236 2145 1295 2181 me-

794 2193 873 2248 tallis
892 2193 968 2247 redit
988 2199 1111 2270 pecunie
1127 2195 1246 2267 publica
1267 2216 1293 2263 2,

796 2279 822 2328 2,
840 2281 865 2318 2.
885 2279 918 2316 er
936 2265 1058 2319 metaliis
1080 2264 1220 2337 pecunias
1235 2282 1293 2317 ma·

795 2347 863 2406 guas
883 2331 979 2385 lacere
1002 2334 1030 2398 5,
1052 2357 1074 2395 2,
1099 2334 1125 2388 3.
1151 2349 1185 2384 ex
1207 2334 1293 2388 novis

795 2400 987 2471 vectigalibus
1007 2411 1037 2454 ut
1055 2403 1291 2472 scearpeorde,

795 2467 893 2524 effecit
908 2473 950 2534 23,
967 2485 993 2534 7,
1012 2471 1038 2524 5.
1060 2471 1126 2524 Siue
1144 2471 1162 2524 Ι
1166 2471 1197 2524 V.
1216 2487 1290 2524 sum.

793 2545 856 2606 tus,
875 2546 908 2599 ut
917 2555 951 2592 cx
964 2536 1071 2608 praeda
1081 2536 1229 2612 tripodem
1241 2557 1290 2592 au-

792 2621 874 2660 reum
889 2607 1008 2680 Delphis
1023 2607 1119 2678 posuit
1133 2613 1198 2674 4,2,
1258 2625 1290 2662 ex
1341 2589 1342 2643 l

791 2671 917 2729 hostium
925 2674 1034 2748 praeda
1050 2692 1150 2728 rnuros
1162 2675 1290 2728 restituc-

792 2757 825 2794 re
844 2745 884 2808 23,
905 2747 931 2811 4,
953 2763 976 2798 2.
994 2761 1026 2796 ex
1044 2760 1095 2796 sua
1113 2759 1146 2795 re
1166 2743 1290 2801 sensilia.
1339 2797 1340 2812 ,

788 2809 818 2864 ri
835 2829 869 2865 m,
890 2831 916 2867 r.
941 2809 1015 2866 ibid.
1034 2827 1067 2864 cx
1083 2827 1134 2864 sua
1151 2827 1185 2864 re
1207 2813 1287 2865 fami.

790 2877 856 2932 lieri
874 2879 976 2942 dehet,
995 2896 1072 2954 quae
1091 2877 1194 2934 amieis
1214 2896 1286 2952 opus

789 2945 905 3004 inerant
925 2950 1013 3018 25,’7,
1035 2968 1057 3000 2.
1085 2963 1119 3002 cx
1137 2950 1285 3006 manubiis

789 3031 897 3072 ornare
913 3034 1008 3070 arcem
1027 3020 1054 3081 5,
1072 3033 1098 3081 2,
1117 3018 1144 3072 5.
1164 3017 1231 3074 Sice
1255 3021 1284 3076 V·

787 3099 875 3138 unum
889 3093 938 3138 aut
958 3085 1071 3156 aliquot
1086 3087 1233 3153 smaltis,
1254 3095 1286 3144 ut

788 3165 823 3203 ex
838 3153 957 3226 ephoris
967 3153 1085 3226 quidam
1098 3153 1154 3207 huc
1168 3154 1284 3211 descen·
1337 3163 1338 3187 ¹

786 3213 892 3275 derunt
913 3226 940 3290 4,
957 3226 984 3290 4,
1003 3231 1031 3294 4.
1056 3222 1282 3290 Tissaphernes,

785 3289 835 3357 qui
856 3307 890 3343 ex
909 3291 1018 3345 intimis
1033 3291 1112 3362 regis
1130 3292 1168 3344 ab
1185 3294 1282 3346 amici·
1335 3347 1336 3356 ,

771 3359 825 3424 ,tia
848 3356 1081 3426 ejus-deiecerat
1102 3376 1120 3430 9
1156 3377 1183 3426 2,
1202 3379 1227 3416 2.
1249 3379 1282 3416 ex

750 3443 753 3452 ·
783 3425 829 3480 his
844 3427 933 3480 rebus
949 3430 1092 3482 memoria
1110 3391 1207 3502 <lignis
1222 3431 1281 3484 elu-

780 3493 830 3548 'eet
862 3495 984 3548 maxhnc
1016 3501 1168 3550 inventum
1203 3499 1279 3567 ejus,

783 3561 864 3636 quod
880 3581 922 3628 22,
943 3583 967 3627 2,
985 3583 1008 3617 2.
1031 3562 1101 3620 Siue
1123 3565 1172 3621 VI.
1184 3566 1279 3620 ilatum

780 3629 930 3704 priorem,
949 3631 1131 3688 utexhieme
1148 3635 1278 3710 marique

782 3699 939 3770 scopuloso
964 3716 1066 3756 navem
1090 3719 1215 3756 servare
1238 3711 1278 3770 25,
1332 3759 1333 3762 ,

784 3783 825 3832 ιο,
843 3769 870 3823 6.
890 3785 925 3821 ex
944 3777 989 3822 tot
1003 3771 1147 3844 procellis
1165 3773 1274 3825 civilib.

748 3897 753 3904 .
780 3832 1274 3910 edincolumitatempervenitiltid.

781 3917 814 3956 ex
832 3903 914 3960 bello
939 3907 1030 3960 otium
1049 3907 1166 3960 insulae
1183 3907 1277 3962 eonci-

778 3970 863 4034 liavit
886 3987 934 4034 ao,
952 3973 985 4038 3,
1004 3997 1036 4030 2.
1058 3975 1108 4030 Sic
1133 3974 1274 4052 Velleius.-

779 4054 814 4092 ex
827 4040 980 4098 consulatu
994 4043 1116 4098 sortitus
1131 4045 1169 4098 eti
1182 4043 1274 4099 Asiam

779 4123 804 4169 2,
829 4108 879 4170 33,
900 4123 923 4161 2.
946 4127 962 4162 e
984 4112 1140 4166 consulatu
1163 4113 1273 4168 obtine·

778 4173 830 4234 bet
853 4175 1025 4250 Hispaniam
1040 4196 1080 4246 a,
1102 4183 1150 4249 78,
1174 4180 1275 4241 32252·

791 4263 802 4293 h
