2698 4760
231 216 334 304 mo'
513 211 1044 310 Ιεοιιιιιιιιιιιιιιςοιιε

242 344 1289 376 ...ffl

692 783 815 843 χιιι·
897 785 901 796 ·

250 891 254 902 '
357 897 788 1025 uratur
862 921 890 996 c
965 922 983 994 1
1055 915 1223 998 ss·

204 1043 211 1066 ’
302 1027 309 1042 .
425 1165 427 1168 Ι
510 1050 1031 1170 'raseuuuroaun

544 1171 951 1320 'luuror1s

698 1365 862 1432 secessio(
887 1408 891 1416 =

165 1627 226 1718 ‘255
319 1635 426 1734 Quum
453 1629 631 1724 fragmenta
659 1634 795 1726 Nepotis
826 1587 1105 1722 Guelpherbytans
1131 1625 1299 1708 aceniam,

233 1751 327 1829 quam
347 1743 382 1804 in
404 1742 484 1806 actis
507 1745 615 1808 erudit
603 1755 709 1807 torum
730 1738 949 1829 Lipsiensrbus
972 1739 1157 1816 subierant,
1200 1740 1300 1802 desen·

235 1850 364 1921 darem,
408 1846 592 1934 intelligere
612 1849 691 1914 mihi
711 1850 865 1925 videbar,
910 1871 967 1911 auc
969 1859 1074 1911 terem
1096 1845 1237 1908 durioris
1256 1863 1301 1906 re·

183 2015 192 2042 κ
235 1949 465 2042 prehensionis
487 1976 551 2018 non
572 1955 607 2018 id
627 1954 728 2042 magis
750 1951 865 2040 egisse,
905 1965 940 2016 ut
960 1949 1111 2038 antiquae
1134 1951 1302 2036 scripturae

145 2114 147 2126 .
238 2061 335 2124 fidem
350 2053 383 2127 in
399 2045 700 2150 dubiumvoearet,
738 2083 831 2146 quam
853 2073 890 2124 ut
910 2055 1046 2140 editoris
1068 2059 1171 2121 famae
1186 2055 1302 2119 labecu-

238 2169 301 2230 lam
323 2167 458 2252 aliquam
477 2160 696 2251 adapes-geret.
737 2165 829 2229 Hanc
848 2155 1066 2253 suspicionem
1081 2181 1188 2230 tamen
1212 2160 1303 2244 abjeci

239 2275 385 2359 penitus,
407 2271 569 2358 postquam
587 2275 638 2336 vir
653 2269 909 2348 celeberrimus,
934 2269 1127 2336 Christianus
1147 2267 1303 2354 Adelphos

240 2381 391 2456 Rlozius,
432 2375 466 2441 in
481 2377 697 2442 miscellaneis
722 2370 872 2454 criticis{
914 2399 993 2464 quae
1017 2367 1202 2460 'l'raijectino
1219 2383 1304 2458 ‘typo-

209 2507 211 2511 '
241 2485 362 2572 grapho
383 2483 515 2548 dederat
531 2479 755 2560 euseribenda‚
781 2504 816 2547 se
829 2481 942 2568 judicii
957 2481 1044 2546 illius
1060 2495 1224 2546 auctorem
1237 2499 1304 2566 pro-

240 2592 337 2654 fenus
350 2589 402 2654 est
426 2591 460 2652 ln
474 2593 537 2654 hoc
554 2592 639 2654 cuim
652 2587 738 2652 libro
750 2601 870 2653 tantum
886 2588 969 2654 abest
986 2605 1021 2652 ut
1037 2585 1104 2651 odii
1114 2605 1167 2652 ant
1182 2588 1304 2650 malivo-

101 2769 106 2782 Ι
172 2701 228 2763 156
244 2695 363 2760 lentiae
388 2697 509 2760 indicia
538 2695 589 2759 vir
615 2699 691 2760 clar.
720 2715 797 2783 prae
828 2695 984 2771 scierat,
1027 2705 1062 2757 ut
1084 2691 1305 2780 qualecumque

240 2822 346 2898 meum
369 2803 409 2864 de
432 2824 468 2866 re
494 2803 651 2867 litteraria
679 2802 825 2865 merendi
847 2797 993 2864 studium
1005 2799 1181 2882 majoribus
1209 2801 1307 2869 etiam,

123 2899 127 2908 Κ
243 2925 335 2994 quam
353 2924 445 3016 quas
440 2927 624 2994 agnoscere
644 2927 776 2994 queam,
798 2907 945 2970 laudibus
963 2919 1087 2969 oneret.

212 3008 214 3013 ’
323 3017 372 3075 Ex
394 2991 511 3077 iisdem
532 3009 746 3078 miscellaneis
772 3011 893 3088 didici,
929 3014 991 3094 jam
1011 3025 1095 3074 ante
1107 3005 1212 3098 qnam·
1229 3007 1308 3095 frag

243 3134 348 3181 menta
370 3121 542 3182 Cornelii'
534 3143 568 3182 ιιι
586 3117 852 3211 disceptationem
869 3134 1017 3193 vocaret,
1044 3119 1088 3180 ita
1104 3139 1267 3202 propensa
1280 3118 1309 3179 in

243 3226 400 3297 litterulas
418 3247 503 3287 meas
517 3224 679 3290 voluntate
695 3223 788 3286 fuisse
806 3223 995 3298 lilotzium,·
1008 3239 1043 3286 ut
1065 3225 1204 3308 opellam
1221 3220 1310 3286 eden·

245 3331 286 3394 do
307 3333 408 3394 Mallii
431 3329 597 3396 Theodori
625 3329 665 3392 de
686 3331 809 3392 Metris'
828 3329 1055 3392 commentario
1080 3351 1098 3391 a
1123 3351 1175 3392 rue
1194 3327 1311 3413 impen-

245 3435 364 3502 samin
387 3435 647 3520 ephemeridibus
671 3422 896 3521 Lipsiensibus
919 3432 1101 3498 honorifice
1125 3452 1311 3498 commemo·

245 3556 343 3606 raret.
392 3544 504 3626 Longe
533 3545 672 3606 certiore
697 3521 802 3604 tamen
825 3537 945 3602 indicio
973 3537 1227 3604 benivolentiam
1255 3537 1312 3604 riri

244 3645 449 3712 celeberrimi
476 3647 662 3734 perspicere
689 3645 769 3709 mihi
797 3645 911 3720 licuit,
943 3667 984 3707 ex
1006 3666 1069 3731 quo
1097 3643 1188 3710 dedit
1208 3643 1248 3710 ad
1267 3665 1313 3707 me

208 3828 213 3837 Ι
243 3756 367 3817 litteras
389 3754 432 3814 ita
453 3752 563 3837 plenas
580 3752 800 3826 humanitatis,
830 3764 865 3814 ut
882 3748 1120 3840 inhumanitatis
1143 3751 1178 3814 in
1199 3750 1314 3816 crimen

171 3895 177 3903 ·
204 3840 218 3896 .'
245 3861 316 3946 ipse
349 3856 564 3933 incurrerem,
609 3863 637 3922 si
667 3861 916 3934 committerem,
952 3873 986 3920 ut
1006 3879 1076 3920 mea
1097 3859 1138 3922 de
1163 3855 1314 3924 litteraris

245 3963 425 4050 quaestione
451 3964 621 4030 contentio
639 3950 859 4032 vehementior
881 3963 1053 4027 amicitiam
1076 3965 1217 4032 nostram
1236 3957 1314 4026 disti·

160 4087 161 4090 ’
243 4072 343 4136 nuiile
357 4053 540 4134 'vidererua

1205 4163 1316 4265 re·
