2698 4760
16 249 24 286 l

232 261 296 343 mi

171 558 173 567 .
231 500 262 544 A.
285 501 316 542 U·
340 500 370 542 C·

233 631 366 668 touvm·

402 334 405 338 ,
456 249 458 254 ’
511 240 1040 348 annaeusncaroms
1142 307 1146 314 ,

487 606 625 694 Quaestor
642 605 748 696 obtigit
767 612 800 666 Ρ.
819 608 953 696 Scipioni
973 581 1114 696 Africano
1134 587 1259 696 maiori,
1274 613 1298 668 in

437 680 537 736 Africa
554 685 745 748 praeamata,
774 699 790 734 a
806 699 865 752 quo
881 690 1025 753 perpetuo
1042 679 1190 736 daffensnt:
1217 691 1245 735 et
1260 700 1298 736 aa·

336 797 339 808 ,
382 797 388 812 .
437 767 511 874 Qun,
546 762 743 804 annos-natus
764 751 897 805 XXVIII.
949 752 980 802 P.
1009 750 1151 804 Cornelio
1173 750 1302 823 Scipione

466 819 597 879 l'ricano,
625 815 658 871 P.
674 818 788 875 Licinio
805 819 904 874 Ciassb
923 833 996 871 coss.
1022 818 1134 881 «Livius
1151 819 1204 873 lib.
1222 835 1261 890 ²9·
1277 827 1299 871 et

437 889 528 942 Corn.
543 883 641 952 Neptis
660 889 702 944 [c.
719 906 743 951 1,
761 889 807 947 3.]
844 889 884 940 Μ.
902 885 1014 939 Tullius
1034 876 1107 939 vebo
1128 887 1158 939 in
1176 890 1264 942 Bruto
1277 896 1301 940 et

440 951 551 1009 essone
572 965 647 1007 auno
666 955 834 1028 insequente
851 971 956 1008 aaran.
976 949 1151 1026 Cethego'et
1166 953 1300 1008 Tuditano

428 1038 514 1077 coss.
579 1035 642 1075 uem
661 1021 756 1076 laicum
774 1021 848 1077 ana.
864 1021 1008 1075 Patricius
1030 1021 1060 1074 in
1083 1023 1121 1076 Il.
1139 1023 1193 1077 lib.
1214 1023 1300 1078 Cicer.

435 1087 476 1142 'de
493 1106 566 1162 repu
589 1091 607 1142 Ι.
624 1091 665 1143 sio
683 1091 890 1145 concinnabat:
931 1091 1002 1144 Cum
1025 1109 1059 1144 eo
1076 1088 1207 1156 (Fabio)
1225 1107 1302 1164 quar·

436 1165 501 1214 ium
522 1177 593 1216 coss·
616 1155 858 1216 adolescentulus
882 1156 971 1215 miles
996 1157 1036 1213 dd
1059 1162 1196 1231 Capuam
1215 1157 1301 1233 prose·

436 1235 595 1289 atessam,
615 1229 790 1300 quinctoque
806 1245 888 1282 anno
903 1232 971 1300 post
981 1225 1021 1282 ad
1033 1227 1210 1284 Tarentum.
1235 1227 1300 1282 'l'um

438 1302 600 1368 quaestor:
625 1313 710 1369 quem
728 1297 945 1370 magistratum
961 1296 1044 1369 gessi
1060 1313 1134 1353 coss.
1157 1295 1301 1353 Tuditano

438 1371 469 1420 et
486 1362 625 1438 Cethego.
661 1363 782 1422 Deinde
800 1363 925 1421 aedilis·
956 1361 1156 1436 quadriennio
1176 1370 1243 1438 post
1255 1364 1301 1436 fa·

438 1439 584 1488 ctussum
601 1441 738 1506 praetor,
766 1451 834 1489 cum
851 1403 970 1506 quidem
986 1431 1056 1494 itte,
1082 1433 1246 1488 admodum
1264 1449 1301 1487 se·

435 1517 514 1566 nen,
546 1517 652 1556 suasor
668 1499 748 1577 legis
770 1504 890 1558 Cinciae
912 1497 949 1556 de
975 1499 1063 1556 donis
1087 1506 1116 1557 et
1136 1498 1302 1558 nsuneribus

427 1568 504 1642 suit.
531 1571 572 1624 Ex
587 1571 730 1627 Cicerone
743 1571 797 1627 inf.
813 1570 865 1624 ubi
882 1567 916 1622 dc
932 1567 1134 1624 sodalitatibus
1147 1583 1176 1624 ot
1192 1585 1302 1642 magnae

436 1637 536 1691 matris
552 1637 636 1690 d'eiam
653 1637 761 1702 sacris,
784 1651 812 1693 et
827 1639 856 1692 in
875 1641 977 1702 Bruto.
1013 1637 1107 1690 Aliter
1120 1638 1264 1693 Corradus
1279 1646 1303 1690 et

436 1706 611 1760 Lambinust
631 1725 756 1779 quoram
771 1707 836 1775 hic,
855 1717 1007 1774 comment.
1024 1708 1053 1757 in
1074 1708 1225 1759 seruilium
1239 1707 1303 1758 Pro·

424 1772 523 1838 bum,
543 1769 784 1855 bis'quaestorcm
797 1776 876 1828 facit.
906 1774 1064 1842 [Lambini
1075 1771 1235 1831 lectionem
1244 1790 1302 1848 pre·

438 1837 531 1896 babet
545 1843 637 1897 etiam
655 1843 809 1918 Longius:
827 1861 865 1899 eac
886 1853 1007 1918 ungunt
1023 1850 1123 1898 autem
1140 1841 1302 1899 illudere·

414 1907 557 1965 xdilitate
570 1918 597 1965 et
610 1918 768 1980 praetura,
789 1929 844 1985 quo
884 1913 994 1978 atiani,
1013 1909 1066 1968 sed
1107 1909 1189 1966 nullo
1210 1909 1302 1972 aliter,

320 2029 329 2035 ,
428 1977 511 2062 facit
525 1977 657 2050 Pighius
672 1978 712 2036 ad
727 1999 777 2036 an.
803 1981 835 2036 U.
855 1981 885 2035 U.
907 1999 1010 2034 nonnas.
1038 1978 1073 2039 Vt
1095 1988 1186 2036 enat.
1209 1981 1304 2035 Grute-

436 2065 543 2103 rounas
559 2047 599 2102 ad
614 2051 704 2104 Cicer.
718 2047 738 2103 l.
751 2069 775 2104 c.
792 2050 929 2114 Rosius]
963 2051 1028 2104 Non
1046 2045 1166 2122 sequor.
1193 2048 1303 2124 [Quae-

439 2123 555 2170 sturam
572 2125 675 2172 tamen
693 2135 775 2172 unna
793 2125 931 2202 sequente
948 2116 1069 2174 demum
1088 2117 1235 2198 gessisse,
1267 2135 1304 2173 ue·

438 2201 505 2240 rum
522 2193 580 2252 est,
598 2205 654 2259 qua
673 2185 710 2243 de
726 2207 757 2243 re
772 2185 963 2250 dieamusad
980 2193 1028 2254 aa,
1050 2208 1071 2242 n.
1092 2193 1118 2244 3.
1135 2189 1268 2246 Bassus]

491 2397 693 2482 Quadriennio
709 2401 771 2474 poli
788 2401 891 2458 aedilis
909 2402 1007 2478 plebis
1021 2402 1114 2457 factus
1131 2401 1194 2458 aum
1211 2404 1243 2458 G.
1257 2401 1304 2456 Ae·

416 2468 494 2536 llio,
519 2471 568 2542 qui
589 2471 635 2524 laic
654 2473 686 2525 C·
706 2471 827 2528 Helvius
848 2473 1030 2544 appellatur,
1057 2482 1086 2525 et
1109 2490 1125 2525 a
1150 2472 1237 2524 Liuio
1256 2470 1302 2523 lib.

436 2539 485 2608 32„
503 2539 627 2602 [et38.]
674 2541 746 2595 C‘ato
769 2540 800 2592 in
826 2539 978 2594 Ciceronis
1001 2540 1120 2613 dialogo
1147 2537 1182 2594 de
1200 2547 1303 2593 senem.

436 2617 468 2660 ut
486 2605 603 2680 quidem
620 2606 708 2686 vulgo
728 2609 956 2681 interpuagitur.
986 2609 1100 2682 Agebat
1117 2617 1177 2663 tum
1193 2607 1304 2662 fortaffs

438 2691 543 2730 annum
560 2685 662 2730 aetatis
680 2679 860 2733 tricesimum
876 2678 1015 2752 primum.

1104 2783 1110 2813 l

481 2889 606 2946 Praetor
630 2891 825 2964 quadriennio
843 2893 922 2965 poli,
945 2891 1110 2954 Sardiniam
1127 2894 1306 2968 provinciam

439 2959 575 3014 obtinuit.
613 2963 653 3039 Q.
680 2961 805 3014 Ennium
824 2966 942 3034 poetam
961 2960 1027 3015 inde
1046 2961 1175 3019 deduxit.
1210 2963 1305 3017 Livius

382 3045 389 3060 ‘
436 3028 481 3084 31.
501 3039 529 3083 et
543 3030 597 3084 da:
615 3031 711 3082 annal.
731 3029 767 3084 ab
786 3031 820 3085 U.
841 3031 873 3085 C.
894 3032 1001 3086 Cicero
1018 3031 1050 3084 in
1066 3032 1129 3085 Cat.
1154 3039 1208 3092 [ex
1229 3029 1303 3104 vulg.

358 3111 361 3132 ¹
436 3092 581 3158 lectione]
608 3109 637 3151 et
653 3094 851 3153 Plutarcb.‘et
867 3100 964 3172 Nepos
982 3103 1065 3172 [cap.
1084 3120 1107 3167 n,
1123 3103 1169 3162 3.]
1206 3101 1305 3184 Aqua

373 3179 380 3196 ⁸
434 3165 532 3289 postea
550 3165 580 3218 in
597 3166 736 3232 Graecis,
753 3167 826 3220 licet
839 3184 924 3222 senex
935 3205 947 3234 n
963 3167 1000 3221 est
1017 3169 1171 3224 institutus.
1198 3170 1304 3224 Plinius

449 3234 490 3288 ab.
509 3251 537 3301 7.
568 3249 632 3307 cap.
655 3235 699 3289 ilci
735 3235 835 3290 Voler.
859 3237 1002 3291 Maximus
1020 3237 1075 3292 lib.
1089 3237 1117 3292 8.
1152 3256 1216 3312 cap.
1235 3257 1263 3308 7.
1280 3246 1305 3292 et

436 3305 477 3366 D..
489 3302 613 3357 Hieron.
630 3303 711 3378 epist.
729 3302 766 3358 ed
779 3304 936 3378 Nepotiani.

486 3519 592 3576 Consul
614 3537 678 3574 oum
695 3507 870 3578 Invitatis
888 3523 995 3598 Flacco
1005 3558 1014 3591 ‚
1038 3543 1098 3598 quo
1115 3533 1236 3580 auctore
1252 3525 1304 3578 Ro·

437 3606 512 3643 mam
536 3605 552 3641 e
577 3588 694 3642 Sabinis
721 3593 972 3663 commigraverat.
1010 3595 1044 3646 In
1070 3593 1126 3646 hoc
1146 3593 1305 3666 magistratu

298 3689 301 3696 ·
363 3679 384 3712 κ
435 3652 526 3712 totam
541 3657 714 3712 citeriorem
731 3660 912 3731 Hispaniam,
938 3678 1012 3731 quoa
1030 3661 1242 3725 rebellauerant,
1261 3676 1304 3733 pa-

433 3726 530 3788 ,cavit3
561 3725 645 3780 ‘bello
670 3728 712 3782 ab·
729 3729 877 3800 Emporiis
908 3729 1062 3784 inchoato:
1096 3727 1249 3794 adiuvante
1275 3729 1303 3780 P.

437 3794 548 3860 Manlio
576 3805 724 3866 praetore.
760 3796 926 3868 (vegetius
949 3797 1047 3852 libre.
1074 3815 1139 3870 cap.
1157 3800 1183 3853 3.
1212 3808 1240 3850 et
1255 3795 1302 3849 lib.

441 3881 465 3919 1.
494 3881 557 3934 cap.
571 3867 619 3929 8.)
647 3865 708 3916 ‘Hic
733 3864 794 3930 ejas
819 3867 988 3922 abstinentia
1013 3867 1116 3931 clusit,
1146 3861 1303 3938 etlrugali.

437 3940 491 3987 tas.
518 3932 647 3996 (Plinius
667 3942 695 3986 et
714 3933 905 4006 Appuleius.)
939 3935 1082 3988 Matronis
1101 3934 1210 3988 cultum
1227 3951 1259 3986 re
1281 3949 1304 3983 e·

435 4000 582 4066 tentibus,
610 4000 706 4071 Oppia
726 4001 790 4075 lege
814 4003 977 4066 ademtam,
1010 4003 1123 4056 restitit.
1158 4004 1234 4074 Lege
1261 3951 1305 4054 ld·

438 4071 516 4123 vium
532 4070 576 4124 33.
610 4070 756 4125 Plutarch.
776 4071 928 4129 valerium
949 4071 1045 4139 libo.
1074 4087 1137 4144 cap.
1157 4089 1182 4124 ι.
1209 4080 1237 4124 et
1256 4070 1303 4124 Ile-

436 4148 535 4212 putem
555 4143 602 4197 [o.
622 4156 648 4192 n.
671 4143 717 4198 ι.]

1133 4315 1144 4342 δ
