<?xml version="1.0" encoding="UTF-8"?>
<!DOCTYPE html PUBLIC "-//W3C//DTD XHTML 1.0 Transitional//EN"
    "http://www.w3.org/TR/xhtml1/DTD/xhtml1-transitional.dtd">
<html xmlns="http://www.w3.org/1999/xhtml" xml:lang="en" lang="en">
 <head>
  <title>
</title>
<meta http-equiv="Content-Type" content="text/html;charset=utf-8" />
  <meta name='ocr-system' content='tesseract 3.04.00' />
  <meta name='ocr-capabilities' content='ocr_page ocr_carea ocr_par ocr_line ocrx_word'/>
</head>
<body>
  <div class='ocr_page' id='page_1' title='image "./corneliinepotis01bosegoog_0401.png"; bbox 0 0 2698 4760; ppageno 0'>
   <div class='ocr_carea' id='block_1_1' title="bbox 134 335 1188 451">
    <p class='ocr_par' dir='ltr' id='par_1_1' title="bbox 134 335 1188 451">
     <span class='ocr_line' id='line_1_1' title="bbox 134 335 1188 451; baseline -0.002 -49"><span class='ocrx_word' id='word_1_1' title='bbox 134 335 464 440; x_wconf 69' lang='lat' dir='ltr'><strong>rancnaurl</strong></span> <span class='ocrx_word' id='word_1_2' title='bbox 498 336 1006 451; x_wconf 66' lang='lat' dir='ltr'><strong>contruncarunt.</strong></span> <span class='ocrx_word' id='word_1_3' title='bbox 1043 335 1130 423; x_wconf 59' lang='lat' dir='ltr'><strong>oq</strong></span> <span class='ocrx_word' id='word_1_4' title='bbox 1186 375 1188 382; x_wconf 69' lang='lat'><em>,</em></span> 
     </span>
    </p>
   </div>
   <div class='ocr_carea' id='block_1_2' title="bbox 42 532 1260 2868">
    <p class='ocr_par' dir='ltr' id='par_1_2' title="bbox 42 532 1111 950">
     <span class='ocr_line' id='line_1_2' title="bbox 42 532 1111 630; baseline 0.001 -22"><span class='ocrx_word' id='word_1_5' title='bbox 42 559 146 620; x_wconf 81' lang='lat' dir='ltr'><strong>venta,</strong></span> <span class='ocrx_word' id='word_1_6' title='bbox 168 560 201 610; x_wconf 89' lang='lat' dir='ltr'><strong>et</strong></span> <span class='ocrx_word' id='word_1_7' title='bbox 223 544 339 630; x_wconf 89' lang='lat' dir='ltr'><strong>quod&#39;</strong></span> <span class='ocrx_word' id='word_1_8' title='bbox 331 567 364 607; x_wconf 88' lang='grc' dir='ltr'><strong>ιιι</strong></span> <span class='ocrx_word' id='word_1_9' title='bbox 386 545 586 616; x_wconf 79' lang='lat' dir='ltr'><strong>illulliillimo</strong></span> <span class='ocrx_word' id='word_1_10' title='bbox 605 544 801 609; x_wconf 78' lang='lat' dir='ltr'>bibliotheca</span> <span class='ocrx_word' id='word_1_11' title='bbox 821 559 884 628; x_wconf 73' lang='lat' dir='ltr'><strong>tam</strong></span> <span class='ocrx_word' id='word_1_12' title='bbox 903 532 1032 608; x_wconf 84' lang='lat' dir='ltr'><strong>liberali</strong></span> <span class='ocrx_word' id='word_1_13' title='bbox 1053 567 1111 608; x_wconf 85' lang='lat' dir='ltr'><strong>cu·</strong></span> 
     </span>
     <span class='ocr_line' id='line_1_3' title="bbox 43 650 1109 748; baseline 0.001 -35"><span class='ocrx_word' id='word_1_14' title='bbox 43 650 133 714; x_wconf 88' lang='lat' dir='ltr'><strong>slodia</strong></span> <span class='ocrx_word' id='word_1_15' title='bbox 161 651 320 714; x_wconf 84' lang='lat' dir='ltr'><strong>servatur</strong></span> <span class='ocrx_word' id='word_1_16' title='bbox 333 650 387 712; x_wconf 88' lang='lat' dir='ltr'><strong>hic</strong></span> <span class='ocrx_word' id='word_1_17' title='bbox 415 652 517 726; x_wconf 88' lang='lat' dir='ltr'><strong>liber,</strong></span> <span class='ocrx_word' id='word_1_18' title='bbox 549 667 584 716; x_wconf 93' lang='lat' dir='ltr'><strong>ut</strong></span> <span class='ocrx_word' id='word_1_19' title='bbox 611 651 775 724; x_wconf 85' lang='lat' dir='ltr'><strong>omnihus,</strong></span> <span class='ocrx_word' id='word_1_20' title='bbox 809 652 863 748; x_wconf 80' lang='lat' dir='ltr'><strong>qui</strong></span> <span class='ocrx_word' id='word_1_21' title='bbox 892 651 957 716; x_wconf 84' lang='lat' dir='ltr'><strong>suis</strong></span> <span class='ocrx_word' id='word_1_22' title='bbox 986 653 1109 727; x_wconf 80' lang='lat' dir='ltr'><strong>oculis,</strong></span> 
     </span>
     <span class='ocr_line' id='line_1_4' title="bbox 44 745 1111 841; baseline 0 -23"><span class='ocrx_word' id='word_1_23' title='bbox 44 779 129 841; x_wconf 87' lang='lat' dir='ltr'><strong>quam</strong></span> <span class='ocrx_word' id='word_1_24' title='bbox 149 757 261 822; x_wconf 84' lang='lat' dir='ltr'><strong>verbis</strong></span> <span class='ocrx_word' id='word_1_25' title='bbox 283 757 417 823; x_wconf 77' lang='lat' dir='ltr'><strong>aliorum</strong></span> <span class='ocrx_word' id='word_1_26' title='bbox 434 759 571 820; x_wconf 80' lang='lat' dir='ltr'><strong>credere</strong></span> <span class='ocrx_word' id='word_1_27' title='bbox 590 761 716 831; x_wconf 82' lang='lat' dir='ltr'><strong>malint,</strong></span> <span class='ocrx_word' id='word_1_28' title='bbox 739 745 924 818; x_wconf 75' lang='lat' dir='ltr'><strong>concellum</strong></span> <span class='ocrx_word' id='word_1_29' title='bbox 934 754 988 830; x_wconf 88' lang='lat' dir='ltr'><strong>sit,</strong></span> <span class='ocrx_word' id='word_1_30' title='bbox 1010 779 1111 820; x_wconf 83' lang='lat' dir='ltr'><strong>mom·</strong></span> 
     </span>
     <span class='ocr_line' id='line_1_5' title="bbox 42 850 1110 950; baseline 0.004 -27"><span class='ocrx_word' id='word_1_31' title='bbox 42 863 150 926; x_wconf 83' lang='lat' dir='ltr'><strong>branae</strong></span> <span class='ocrx_word' id='word_1_32' title='bbox 165 850 252 948; x_wconf 76' lang='lat' dir='ltr'><strong>ipsae</strong></span> <span class='ocrx_word' id='word_1_33' title='bbox 266 877 485 937; x_wconf 85' lang='lat' dir='ltr'><strong>contrectare,</strong></span> <span class='ocrx_word' id='word_1_34' title='bbox 508 878 557 938; x_wconf 83' lang='lat' dir='ltr'><strong>et,</strong></span> <span class='ocrx_word' id='word_1_35' title='bbox 581 887 673 950; x_wconf 89' lang='lat' dir='ltr'><strong>quam</strong></span> <span class='ocrx_word' id='word_1_36' title='bbox 688 865 744 927; x_wconf 88' lang='lat' dir='ltr'><strong>diu</strong></span> <span class='ocrx_word' id='word_1_37' title='bbox 760 865 875 949; x_wconf 91' lang='lat' dir='ltr'><strong>cuique</strong></span> <span class='ocrx_word' id='word_1_38' title='bbox 892 863 1025 925; x_wconf 86' lang='lat' dir='ltr'><strong>lubitum</strong></span> <span class='ocrx_word' id='word_1_39' title='bbox 1038 864 1110 927; x_wconf 86' lang='lat' dir='ltr'><strong>sue-</strong></span> 
     </span>
    </p>

    <p class='ocr_par' dir='ltr' id='par_1_3' title="bbox 43 967 1193 1479">
     <span class='ocr_line' id='line_1_6' title="bbox 46 967 1156 1052; baseline 0.005 -24"><span class='ocrx_word' id='word_1_40' title='bbox 46 970 99 1042; x_wconf 82' lang='lat' dir='ltr'><strong>rit,</strong></span> <span class='ocrx_word' id='word_1_41' title='bbox 122 967 253 1031; x_wconf 88' lang='lat' dir='ltr'><strong>intueri.</strong></span> <span class='ocrx_word' id='word_1_42' title='bbox 281 971 397 1050; x_wconf 61' lang='lat' dir='ltr'><strong>v[intinge</strong></span> <span class='ocrx_word' id='word_1_43' title='bbox 416 969 476 1030; x_wconf 86' lang='lat' dir='ltr'><strong>alia</strong></span> <span class='ocrx_word' id='word_1_44' title='bbox 491 967 534 1032; x_wconf 84' lang='lat' dir='ltr'><strong>esl</strong></span> <span class='ocrx_word' id='word_1_45' title='bbox 548 970 648 1052; x_wconf 83' lang='lat' dir='ltr'><strong>igitur</strong></span> <span class='ocrx_word' id='word_1_46' title='bbox 662 973 744 1032; x_wconf 88' lang='lat' dir='ltr'><strong>ratio</strong></span> <span class='ocrx_word' id='word_1_47' title='bbox 764 971 1031 1032; x_wconf 85' lang='lat' dir='ltr'><strong>Cornelianorum</strong></span> <span class='ocrx_word' id='word_1_48' title='bbox 1041 993 1108 1033; x_wconf 88' lang='lat' dir='ltr'><strong>mo·</strong></span> <span class='ocrx_word' id='word_1_49' title='bbox 1146 986 1156 1006; x_wconf 66' lang='lat'>⁸</span> 
     </span>
     <span class='ocr_line' id='line_1_7' title="bbox 44 1065 1193 1160; baseline 0.007 -26"><span class='ocrx_word' id='word_1_50' title='bbox 44 1089 278 1150; x_wconf 74' lang='lat' dir='ltr'><strong>armentorum,</strong></span> <span class='ocrx_word' id='word_1_51' title='bbox 303 1096 394 1160; x_wconf 87' lang='lat' dir='ltr'><strong>quam</strong></span> <span class='ocrx_word' id='word_1_52' title='bbox 410 1075 473 1136; x_wconf 89' lang='lat' dir='ltr'><strong>suit</strong></span> <span class='ocrx_word' id='word_1_53' title='bbox 494 1069 667 1156; x_wconf 74' lang='lat' dir='ltr'><strong>sup&#39;politae</strong></span> <span class='ocrx_word' id='word_1_54' title='bbox 686 1065 793 1140; x_wconf 81' lang='lat' dir='ltr'><strong>Tullio</strong></span> <span class='ocrx_word' id='word_1_55' title='bbox 816 1075 1041 1140; x_wconf 82' lang='lat' dir='ltr'><strong>consolationis</strong></span> <span class='ocrx_word' id='word_1_56' title='bbox 1058 1093 1110 1142; x_wconf 88' lang='lat' dir='ltr'><strong>aut</strong></span> <span class='ocrx_word' id='word_1_57' title='bbox 1187 1117 1193 1128; x_wconf 85' lang='lat'><em>·</em></span> 
     </span>
     <span class='ocr_line' id='line_1_8' title="bbox 43 1177 1109 1266; baseline 0.005 -25"><span class='ocrx_word' id='word_1_58' title='bbox 43 1180 208 1263; x_wconf 74' lang='lat' dir='ltr'><strong>fragmenti</strong></span> <span class='ocrx_word' id='word_1_59' title='bbox 232 1179 318 1242; x_wconf 79' lang='lat' dir='ltr'><strong>iltius</strong></span> <span class='ocrx_word' id='word_1_60' title='bbox 344 1177 449 1240; x_wconf 75' lang='lat' dir='ltr'><strong>famosi</strong></span> <span class='ocrx_word' id='word_1_61' title='bbox 471 1180 674 1266; x_wconf 66' lang='lat' dir='ltr'><strong>Retroniani,</strong></span> <span class='ocrx_word' id='word_1_62' title='bbox 712 1194 764 1240; x_wconf 89' lang='lat' dir='ltr'><strong>aut</strong></span> <span class='ocrx_word' id='word_1_63' title='bbox 783 1177 929 1242; x_wconf 73' lang='lat' dir='ltr'><strong>similium</strong></span> <span class='ocrx_word' id='word_1_64' title='bbox 950 1191 1109 1246; x_wconf 83' lang='lat' dir='ltr'><strong>commen-</strong></span> 
     </span>
     <span class='ocr_line' id='line_1_9' title="bbox 43 1269 1128 1375; baseline 0.005 -27"><span class='ocrx_word' id='word_1_65' title='bbox 43 1301 158 1368; x_wconf 74' lang='lat' dir='ltr'><strong>torum²</strong></span> <span class='ocrx_word' id='word_1_66' title='bbox 183 1308 263 1372; x_wconf 89' lang='lat' dir='ltr'><strong>quae</strong></span> <span class='ocrx_word' id='word_1_67' title='bbox 284 1287 318 1361; x_wconf 83' lang='lat' dir='ltr'><strong>in</strong></span> <span class='ocrx_word' id='word_1_68' title='bbox 341 1285 453 1346; x_wconf 88' lang='lat' dir='ltr'><strong>codice</strong></span> <span class='ocrx_word' id='word_1_69' title='bbox 474 1287 605 1370; x_wconf 89' lang='lat' dir='ltr'><strong>antiquo</strong></span> <span class='ocrx_word' id='word_1_70' title='bbox 623 1309 641 1346; x_wconf 89' lang='lat' dir='ltr'><strong>a</strong></span> <span class='ocrx_word' id='word_1_71' title='bbox 658 1290 787 1352; x_wconf 88' lang='lat' dir='ltr'><strong>nemine</strong></span> <span class='ocrx_word' id='word_1_72' title='bbox 808 1309 955 1374; x_wconf 90' lang='lat' dir='ltr'><strong>umquam</strong></span> <span class='ocrx_word' id='word_1_73' title='bbox 976 1269 1128 1375; x_wconf 25' lang='lat' dir='ltr'><strong>conspe-‚l</strong></span> 
     </span>
     <span class='ocr_line' id='line_1_10' title="bbox 44 1393 1109 1481; baseline 0.004 -27"><span class='ocrx_word' id='word_1_74' title='bbox 44 1394 188 1466; x_wconf 77' lang='lat' dir='ltr'><strong>malunt,</strong></span> <span class='ocrx_word' id='word_1_75' title='bbox 209 1413 314 1474; x_wconf 87' lang='lat' dir='ltr'><strong>neque</strong></span> <span class='ocrx_word' id='word_1_76' title='bbox 337 1393 475 1476; x_wconf 82' lang='lat' dir='ltr'><strong>conspici</strong></span> <span class='ocrx_word' id='word_1_77' title='bbox 498 1407 685 1481; x_wconf 81' lang='lat' dir='ltr'><strong>potnerunt.</strong></span> <span class='ocrx_word' id='word_1_78' title='bbox 704 1397 753 1456; x_wconf 83' lang='lat' dir='ltr'><strong>Ex</strong></span> <span class='ocrx_word' id='word_1_79' title='bbox 774 1414 813 1458; x_wconf 91' lang='lat' dir='ltr'><strong>eo</strong></span> <span class='ocrx_word' id='word_1_80' title='bbox 837 1395 932 1468; x_wconf 88' lang='lat' dir='ltr'><strong>enim,</strong></span> <span class='ocrx_word' id='word_1_81' title='bbox 957 1396 1109 1479; x_wconf 90' lang='lat' dir='ltr'><strong>quodco</strong></span> 
     </span>
    </p>

    <p class='ocr_par' dir='ltr' id='par_1_4' title="bbox 43 1497 1260 2114">
     <span class='ocr_line' id='line_1_11' title="bbox 44 1497 1108 1598; baseline 0.004 -38"><span class='ocrx_word' id='word_1_82' title='bbox 44 1500 98 1566; x_wconf 74' lang='lat' dir='ltr'><strong>dex</strong></span> <span class='ocrx_word' id='word_1_83' title='bbox 126 1497 232 1560; x_wconf 86' lang='lat' dir='ltr'><strong>noller</strong></span> <span class='ocrx_word' id='word_1_84' title='bbox 260 1498 429 1559; x_wconf 87' lang='lat' dir='ltr'><strong>undecimo</strong></span> <span class='ocrx_word' id='word_1_85' title='bbox 457 1498 589 1575; x_wconf 85' lang='lat' dir='ltr'><strong>seculo,</strong></span> <span class='ocrx_word' id='word_1_86' title='bbox 632 1514 667 1560; x_wconf 92' lang='lat' dir='ltr'><strong>ut</strong></span> <span class='ocrx_word' id='word_1_87' title='bbox 694 1502 772 1562; x_wconf 83' lang='lat' dir='ltr'><strong>milti</strong></span> <span class='ocrx_word' id='word_1_88' title='bbox 802 1501 932 1598; x_wconf 86' lang='lat' dir='ltr'><strong>quidem</strong></span> <span class='ocrx_word' id='word_1_89' title='bbox 959 1501 1108 1577; x_wconf 80' lang='lat' dir='ltr'><strong>videtur,</strong></span> 
     </span>
     <span class='ocr_line' id='line_1_12' title="bbox 45 1589 1192 1696; baseline 0.003 -30"><span class='ocrx_word' id='word_1_90' title='bbox 45 1620 126 1667; x_wconf 86' lang='lat' dir='ltr'><strong>certe</strong></span> <span class='ocrx_word' id='word_1_91' title='bbox 141 1606 239 1688; x_wconf 85' lang='lat' dir='ltr'><strong>longo</strong></span> <span class='ocrx_word' id='word_1_92' title='bbox 261 1618 406 1686; x_wconf 85' lang='lat' dir='ltr'><strong>tempore</strong></span> <span class='ocrx_word' id='word_1_93' title='bbox 428 1618 499 1665; x_wconf 83' lang='lat' dir='ltr'><strong>ante</strong></span> <span class='ocrx_word' id='word_1_94' title='bbox 522 1589 700 1666; x_wconf 86' lang='lat' dir='ltr'><strong>litterarum</strong></span> <span class='ocrx_word' id='word_1_95' title='bbox 728 1604 803 1668; x_wconf 86' lang='lat' dir='ltr'><strong>insla</strong></span> <span class='ocrx_word' id='word_1_96' title='bbox 789 1608 982 1668; x_wconf 69' lang='lat' dir='ltr'><strong>mintionem</strong></span> <span class='ocrx_word' id='word_1_97' title='bbox 1002 1628 1110 1670; x_wconf 83' lang='lat' dir='ltr'><strong>exara·</strong></span> <span class='ocrx_word' id='word_1_98' title='bbox 1183 1687 1192 1696; x_wconf 65' lang='lat'><strong><em>„</em></strong></span> 
     </span>
     <span class='ocr_line' id='line_1_13' title="bbox 44 1705 1110 1796; baseline 0.003 -23"><span class='ocrx_word' id='word_1_99' title='bbox 44 1726 89 1773; x_wconf 88' lang='lat' dir='ltr'><strong>tus</strong></span> <span class='ocrx_word' id='word_1_100' title='bbox 111 1710 171 1784; x_wconf 92' lang='lat' dir='ltr'><strong>est,</strong></span> <span class='ocrx_word' id='word_1_101' title='bbox 196 1712 224 1772; x_wconf 88' lang='lat' dir='ltr'><strong>si</strong></span> <span class='ocrx_word' id='word_1_102' title='bbox 245 1711 327 1772; x_wconf 89' lang='lat' dir='ltr'><strong>nihil</strong></span> <span class='ocrx_word' id='word_1_103' title='bbox 348 1709 450 1782; x_wconf 86' lang='lat' dir='ltr'><strong>aliud,</strong></span> <span class='ocrx_word' id='word_1_104' title='bbox 481 1709 543 1770; x_wconf 91' lang='lat' dir='ltr'><strong>hoc</strong></span> <span class='ocrx_word' id='word_1_105' title='bbox 566 1709 674 1770; x_wconf 90' lang='lat' dir='ltr'><strong>saltem</strong></span> <span class='ocrx_word' id='word_1_106' title='bbox 693 1705 830 1792; x_wconf 81' lang='lat' dir='ltr'><strong>intelligi</strong></span> <span class='ocrx_word' id='word_1_107' title='bbox 851 1714 932 1796; x_wconf 72' lang='lat' dir='ltr'><strong>poll*</strong></span> <span class='ocrx_word' id='word_1_108' title='bbox 931 1727 962 1786; x_wconf 87' lang='lat' dir='ltr'><strong>t,</strong></span> <span class='ocrx_word' id='word_1_109' title='bbox 996 1714 1034 1774; x_wconf 85' lang='lat' dir='ltr'><strong>ab</strong></span> <span class='ocrx_word' id='word_1_110' title='bbox 1055 1713 1110 1776; x_wconf 82' lang='lat' dir='ltr'><strong>illa</strong></span> 
     </span>
     <span class='ocr_line' id='line_1_14' title="bbox 43 1817 1110 1912; baseline 0.005 -35"><span class='ocrx_word' id='word_1_111' title='bbox 43 1832 139 1880; x_wconf 86' lang='lat' dir='ltr'><strong>aetate</strong></span> <span class='ocrx_word' id='word_1_112' title='bbox 165 1818 313 1912; x_wconf 76' lang='lat' dir='ltr'><strong>frapdem</strong></span> <span class='ocrx_word' id='word_1_113' title='bbox 330 1836 612 1898; x_wconf 81' lang='lat' dir='ltr'><strong>nonmagnopere</strong></span> <span class='ocrx_word' id='word_1_114' title='bbox 634 1817 806 1878; x_wconf 85' lang='lat' dir='ltr'><strong>timendam</strong></span> <span class='ocrx_word' id='word_1_115' title='bbox 829 1820 907 1893; x_wconf 82' lang='lat' dir='ltr'><strong>else,</strong></span> <span class='ocrx_word' id='word_1_116' title='bbox 939 1819 1012 1902; x_wconf 90' lang='lat' dir='ltr'><strong>quia</strong></span> <span class='ocrx_word' id='word_1_117' title='bbox 1033 1832 1110 1882; x_wconf 90' lang='lat' dir='ltr'><strong>tunc</strong></span> 
     </span>
     <span class='ocr_line' id='line_1_15' title="bbox 45 1921 1260 2008; baseline 0.007 -25"><span class='ocrx_word' id='word_1_118' title='bbox 45 1925 314 2008; x_wconf 67' lang='lat' dir='ltr'><strong>operaepretium</strong></span> <span class='ocrx_word' id='word_1_119' title='bbox 332 1923 364 1984; x_wconf 89' lang='lat' dir='ltr'><strong>se</strong></span> <span class='ocrx_word' id='word_1_120' title='bbox 385 1921 544 1985; x_wconf 80' lang='lat' dir='ltr'><strong>iacturum</strong></span> <span class='ocrx_word' id='word_1_121' title='bbox 562 1941 657 1982; x_wconf 88' lang='lat' dir='ltr'><strong>nomo</strong></span> <span class='ocrx_word' id='word_1_122' title='bbox 675 1921 874 1996; x_wconf 73' lang='lat' dir='ltr'><strong>credidisset,</strong></span> <span class='ocrx_word' id='word_1_123' title='bbox 897 1922 1110 1990; x_wconf 76' lang='lat' dir='ltr'><strong>siversiculoe</strong></span> <span class='ocrx_word' id='word_1_124' title='bbox 1215 1935 1221 1941; x_wconf 89' lang='lat'>&#39;</span> <span class='ocrx_word' id='word_1_125' title='bbox 1259 1985 1260 1992; x_wconf 72' lang='grc'>,</span> 
     </span>
     <span class='ocr_line' id='line_1_16' title="bbox 45 2017 1110 2114; baseline 0.003 -24"><span class='ocrx_word' id='word_1_126' title='bbox 45 2017 168 2112; x_wconf 78' lang='lat' dir='ltr'><strong>aliquot</strong></span> <span class='ocrx_word' id='word_1_127' title='bbox 181 2027 400 2112; x_wconf 82' lang='lat' dir='ltr'><strong>confingeret,</strong></span> <span class='ocrx_word' id='word_1_128' title='bbox 424 2049 546 2114; x_wconf 91' lang='lat' dir='ltr'><strong>eosque</strong></span> <span class='ocrx_word' id='word_1_129' title='bbox 571 2049 589 2089; x_wconf 92' lang='lat' dir='ltr'><strong>e</strong></span> <span class='ocrx_word' id='word_1_130' title='bbox 611 2027 756 2090; x_wconf 84' lang='lat' dir='ltr'><strong>Cornelii</strong></span> <span class='ocrx_word' id='word_1_131' title='bbox 782 2029 916 2111; x_wconf 86' lang='lat' dir='ltr'><strong>Nepotis</strong></span> <span class='ocrx_word' id='word_1_132' title='bbox 942 2032 1049 2114; x_wconf 90' lang='lat' dir='ltr'><strong>aliquo</strong></span> <span class='ocrx_word' id='word_1_133' title='bbox 1068 2033 1110 2093; x_wconf 90' lang='lat' dir='ltr'><strong>li·</strong></span> 
     </span>
    </p>

    <p class='ocr_par' dir='ltr' id='par_1_5' title="bbox 44 2133 1182 2331">
     <span class='ocr_line' id='line_1_17' title="bbox 44 2133 1182 2220; baseline 0.004 -26"><span class='ocrx_word' id='word_1_134' title='bbox 44 2133 99 2194; x_wconf 86' lang='lat' dir='ltr'><strong>hro</strong></span> <span class='ocrx_word' id='word_1_135' title='bbox 116 2135 304 2220; x_wconf 84' lang='lat' dir='ltr'><strong>depromtos</strong></span> <span class='ocrx_word' id='word_1_136' title='bbox 322 2137 384 2198; x_wconf 86' lang='lat' dir='ltr'><strong>else</strong></span> <span class='ocrx_word' id='word_1_137' title='bbox 402 2133 705 2196; x_wconf 89' lang='lat' dir='ltr'><strong>comminisceretur.</strong></span> <span class='ocrx_word' id='word_1_138' title='bbox 727 2137 799 2196; x_wconf 89' lang='lat' dir='ltr'><strong>Non</strong></span> <span class='ocrx_word' id='word_1_139' title='bbox 815 2147 877 2194; x_wconf 88' lang='lat' dir='ltr'><strong>tam</strong></span> <span class='ocrx_word' id='word_1_140' title='bbox 892 2135 1012 2198; x_wconf 85' lang='lat' dir='ltr'><strong>nobilis</strong></span> <span class='ocrx_word' id='word_1_141' title='bbox 1030 2137 1109 2200; x_wconf 90' lang='lat' dir='ltr'><strong>sori·</strong></span> <span class='ocrx_word' id='word_1_142' title='bbox 1128 2138 1182 2200; x_wconf 73' lang='lat'><strong>132</strong></span> 
     </span>
     <span class='ocr_line' id='line_1_18' title="bbox 44 2225 1110 2331; baseline 0.003 -30"><span class='ocrx_word' id='word_1_143' title='bbox 44 2255 113 2323; x_wconf 85' lang='lat' dir='ltr'><strong>ptor</strong></span> <span class='ocrx_word' id='word_1_144' title='bbox 135 2246 245 2331; x_wconf 78' lang='lat' dir='ltr'><strong>Nepos</strong></span> <span class='ocrx_word' id='word_1_145' title='bbox 261 2242 325 2302; x_wconf 92' lang='lat' dir='ltr'><strong>illo</strong></span> <span class='ocrx_word' id='word_1_146' title='bbox 339 2239 625 2313; x_wconf 74' lang='lat' dir='ltr'><strong>aevo-hadebatur,</strong></span> <span class='ocrx_word' id='word_1_147' title='bbox 647 2225 752 2322; x_wconf 88' lang='lat' dir='ltr'><strong>neque</strong></span> <span class='ocrx_word' id='word_1_148' title='bbox 766 2253 830 2307; x_wconf 84' lang='lat' dir='ltr'><strong>tam</strong></span> <span class='ocrx_word' id='word_1_149' title='bbox 844 2241 983 2324; x_wconf 84' lang='lat' dir='ltr'><strong>pretiosa</strong></span> <span class='ocrx_word' id='word_1_150' title='bbox 997 2243 1110 2304; x_wconf 78' lang='lat' dir='ltr'><strong>barba-</strong></span> 
     </span>
    </p>

    <p class='ocr_par' dir='ltr' id='par_1_6' title="bbox 45 2343 1175 2868">
     <span class='ocr_line' id='line_1_19' title="bbox 46 2343 1111 2432; baseline 0.007 -27"><span class='ocrx_word' id='word_1_151' title='bbox 46 2346 87 2406; x_wconf 84' lang='lat' dir='ltr'><strong>ris</strong></span> <span class='ocrx_word' id='word_1_152' title='bbox 101 2346 168 2408; x_wconf 90' lang='lat' dir='ltr'><strong>illis</strong></span> <span class='ocrx_word' id='word_1_153' title='bbox 189 2347 368 2430; x_wconf 85' lang='lat' dir='ltr'><strong>fragmenta</strong></span> <span class='ocrx_word' id='word_1_154' title='bbox 387 2343 567 2432; x_wconf 79' lang='lat' dir='ltr'><strong>priscorum</strong></span> <span class='ocrx_word' id='word_1_155' title='bbox 584 2359 749 2406; x_wconf 85' lang='lat' dir='ltr'><strong>auctorum</strong></span> <span class='ocrx_word' id='word_1_156' title='bbox 769 2343 971 2407; x_wconf 75' lang='lat' dir='ltr'><strong>videbantur.</strong></span> <span class='ocrx_word' id='word_1_157' title='bbox 1012 2348 1053 2410; x_wconf 88' lang='lat' dir='ltr'><strong>Ni</strong></span> <span class='ocrx_word' id='word_1_158' title='bbox 1068 2348 1111 2412; x_wconf 85' lang='lat' dir='ltr'><strong>ita</strong></span> 
     </span>
     <span class='ocr_line' id='line_1_20' title="bbox 46 2447 1112 2540; baseline 0.003 -30"><span class='ocrx_word' id='word_1_159' title='bbox 46 2451 167 2527; x_wconf 83' lang='lat' dir='ltr'><strong>suisset,</strong></span> <span class='ocrx_word' id='word_1_160' title='bbox 190 2473 257 2513; x_wconf 89' lang='lat' dir='ltr'><strong>non</strong></span> <span class='ocrx_word' id='word_1_161' title='bbox 271 2453 500 2536; x_wconf 86' lang='lat' dir='ltr'><strong>imperatorum</strong></span> <span class='ocrx_word' id='word_1_162' title='bbox 514 2453 598 2514; x_wconf 82' lang='lat' dir='ltr'><strong>vitae</strong></span> <span class='ocrx_word' id='word_1_163' title='bbox 615 2450 671 2511; x_wconf 92' lang='lat' dir='ltr'><strong>sub</strong></span> <span class='ocrx_word' id='word_1_164' title='bbox 685 2447 814 2540; x_wconf 84' lang='lat' dir='ltr'><strong>nomine</strong></span> <span class='ocrx_word' id='word_1_165' title='bbox 831 2448 966 2512; x_wconf 85' lang='lat' dir='ltr'><strong>obscuro</strong></span> <span class='ocrx_word' id='word_1_166' title='bbox 982 2452 1112 2514; x_wconf 84' lang='lat' dir='ltr'><strong>Aemilii</strong></span> 
     </span>
     <span class='ocr_line' id='line_1_21' title="bbox 45 2555 1113 2643; baseline 0.004 -27"><span class='ocrx_word' id='word_1_167' title='bbox 45 2557 141 2620; x_wconf 86' lang='lat' dir='ltr'><strong>Probi</strong></span> <span class='ocrx_word' id='word_1_168' title='bbox 158 2579 219 2643; x_wconf 84' lang='lat' dir='ltr'><strong>per</strong></span> <span class='ocrx_word' id='word_1_169' title='bbox 232 2572 280 2620; x_wconf 93' lang='lat' dir='ltr'><strong>tot</strong></span> <span class='ocrx_word' id='word_1_170' title='bbox 298 2560 405 2622; x_wconf 79' lang='lat' dir='ltr'><strong>secula</strong></span> <span class='ocrx_word' id='word_1_171' title='bbox 426 2557 637 2630; x_wconf 85' lang='lat' dir='ltr'><strong>delituissent,</strong></span> <span class='ocrx_word' id='word_1_172' title='bbox 667 2557 822 2640; x_wconf 80' lang='lat' dir='ltr'><strong>pluraque</strong></span> <span class='ocrx_word' id='word_1_173' title='bbox 838 2555 1113 2640; x_wconf 87' lang='lat' dir='ltr'><strong>praestantillimo·</strong></span> 
     </span>
     <span class='ocr_line' id='line_1_22' title="bbox 46 2653 1175 2750; baseline 0.005 -28"><span class='ocrx_word' id='word_1_174' title='bbox 46 2685 111 2724; x_wconf 89' lang='lat' dir='ltr'><strong>rum</strong></span> <span class='ocrx_word' id='word_1_175' title='bbox 125 2664 336 2748; x_wconf 87' lang='lat' dir='ltr'><strong>scriptorum,</strong></span> <span class='ocrx_word' id='word_1_176' title='bbox 360 2653 597 2748; x_wconf 81' lang='lat' dir='ltr'><strong>etipsms,nis1</strong></span> <span class='ocrx_word' id='word_1_177' title='bbox 619 2661 733 2750; x_wconf 82' lang='lat' dir='ltr'><strong>fallor,</strong></span> <span class='ocrx_word' id='word_1_178' title='bbox 757 2663 901 2724; x_wconf 87' lang='lat' dir='ltr'><strong>Cornelii</strong></span> <span class='ocrx_word' id='word_1_179' title='bbox 921 2684 1034 2746; x_wconf 87' lang='lat' dir='ltr'><strong>opera,</strong></span> <span class='ocrx_word' id='word_1_180' title='bbox 1061 2677 1115 2726; x_wconf 88' lang='lat' dir='ltr'><strong>aut</strong></span> <span class='ocrx_word' id='word_1_181' title='bbox 1174 2719 1175 2728; x_wconf 70' lang='grc'>,</span> 
     </span>
     <span class='ocr_line' id='line_1_23' title="bbox 48 2751 910 2868; baseline 0 -38"><span class='ocrx_word' id='word_1_182' title='bbox 48 2789 177 2853; x_wconf 80' lang='lat' dir='ltr'><strong>eperum</strong></span> <span class='ocrx_word' id='word_1_183' title='bbox 197 2771 394 2866; x_wconf 69' lang='lat' dir='ltr'><strong>particulae,</strong></span> <span class='ocrx_word' id='word_1_184' title='bbox 414 2769 596 2868; x_wconf 45' lang='lat' dir='ltr'><strong>posteritpti¹</strong></span> <span class='ocrx_word' id='word_1_185' title='bbox 612 2751 786 2853; x_wconf 82' lang='lat' dir='ltr'><strong>propagata</strong></span> <span class='ocrx_word' id='word_1_186' title='bbox 801 2770 910 2837; x_wconf 83' lang='lat' dir='ltr'><strong>effent.</strong></span> 
     </span>
    </p>
   </div>
   <div class='ocr_carea' id='block_1_3' title="bbox 34 2941 1300 4312">
    <p class='ocr_par' dir='ltr' id='par_1_7' title="bbox 34 2941 1300 4312">
     <span class='ocr_line' id='line_1_24' title="bbox 93 2941 1300 3040; baseline 0.002 -37"><span class='ocrx_word' id='word_1_187' title='bbox 93 3009 95 3012; x_wconf 60' lang='grc'><strong>,</strong></span> <span class='ocrx_word' id='word_1_188' title='bbox 120 2943 238 3040; x_wconf 83' lang='lat' dir='ltr'><strong>Quid,</strong></span> <span class='ocrx_word' id='word_1_189' title='bbox 282 2943 368 3028; x_wconf 90' lang='lat' dir='ltr'><strong>quod</strong></span> <span class='ocrx_word' id='word_1_190' title='bbox 384 2944 484 3006; x_wconf 80' lang='lat' dir='ltr'><strong>¹illiue</strong></span> <span class='ocrx_word' id='word_1_191' title='bbox 512 2942 613 3004; x_wconf 83' lang='lat' dir='ltr'><strong>seculi</strong></span> <span class='ocrx_word' id='word_1_192' title='bbox 638 2943 860 3025; x_wconf 78' lang='lat' dir='ltr'><strong>grammaticus</strong></span> <span class='ocrx_word' id='word_1_193' title='bbox 885 2956 937 3004; x_wconf 92' lang='lat' dir='ltr'><strong>aut</strong></span> <span class='ocrx_word' id='word_1_194' title='bbox 960 2941 1116 3006; x_wconf 74' lang='lat' dir='ltr'><strong>librariae</strong></span> <span class='ocrx_word' id='word_1_195' title='bbox 1202 3013 1204 3022; x_wconf 22' lang='lat' dir='ltr'>y</span> <span class='ocrx_word' id='word_1_196' title='bbox 1298 2989 1300 3005; x_wconf 84' lang='lat'>.</span> 
     </span>
     <span class='ocr_line' id='line_1_25' title="bbox 43 3042 1113 3134; baseline 0 -26"><span class='ocrx_word' id='word_1_197' title='bbox 43 3050 68 3108; x_wconf 87' lang='lat' dir='ltr'><strong>si</strong></span> <span class='ocrx_word' id='word_1_198' title='bbox 81 3049 334 3134; x_wconf 86' lang='lat' dir='ltr'><strong>Philippicarum</strong></span> <span class='ocrx_word' id='word_1_199' title='bbox 355 3050 461 3128; x_wconf 89' lang='lat' dir='ltr'><strong>codici</strong></span> <span class='ocrx_word' id='word_1_200' title='bbox 482 3045 788 3131; x_wconf 80' lang='lat' dir='ltr'><strong>commendationem</strong></span> <span class='ocrx_word' id='word_1_201' title='bbox 806 3071 823 3112; x_wconf 91' lang='lat' dir='ltr'><strong>a</strong></span> <span class='ocrx_word' id='word_1_202' title='bbox 838 3046 1017 3111; x_wconf 83' lang='lat' dir='ltr'><strong>testimonio</strong></span> <span class='ocrx_word' id='word_1_203' title='bbox 1034 3042 1113 3109; x_wconf 69' lang='lat' dir='ltr'><strong>ecri-</strong></span> 
     </span>
     <span class='ocr_line' id='line_1_26' title="bbox 42 3156 1115 3242; baseline 0.001 -27"><span class='ocrx_word' id='word_1_204' title='bbox 42 3158 143 3236; x_wconf 87' lang='lat' dir='ltr'><strong>ptoris</strong></span> <span class='ocrx_word' id='word_1_205' title='bbox 166 3156 289 3242; x_wconf 86' lang='lat' dir='ltr'><strong>antiqui</strong></span> <span class='ocrx_word' id='word_1_206' title='bbox 308 3156 408 3219; x_wconf 81' lang='lat' dir='ltr'><strong>vellet</strong></span> <span class='ocrx_word' id='word_1_207' title='bbox 428 3156 609 3230; x_wconf 82' lang='lat' dir='ltr'><strong>accedere,</strong></span> <span class='ocrx_word' id='word_1_208' title='bbox 648 3177 713 3216; x_wconf 91' lang='lat' dir='ltr'><strong>non</strong></span> <span class='ocrx_word' id='word_1_209' title='bbox 736 3176 817 3239; x_wconf 81' lang='lat' dir='ltr'><strong>opuo</strong></span> <span class='ocrx_word' id='word_1_210' title='bbox 843 3168 927 3228; x_wconf 70' lang='lat' dir='ltr'><strong>erat‚‘</strong></span> <span class='ocrx_word' id='word_1_211' title='bbox 951 3169 1014 3216; x_wconf 88' lang='lat' dir='ltr'><strong>tam</strong></span> <span class='ocrx_word' id='word_1_212' title='bbox 1027 3157 1115 3238; x_wconf 88' lang='lat' dir='ltr'><strong>turpi</strong></span> 
     </span>
     <span class='ocr_line' id='line_1_27' title="bbox 45 3261 1116 3350; baseline 0 -29"><span class='ocrx_word' id='word_1_213' title='bbox 45 3261 155 3326; x_wconf 80' lang='lat' dir='ltr'><strong>fraude</strong></span> <span class='ocrx_word' id='word_1_214' title='bbox 173 3261 339 3348; x_wconf 79' lang='lat' dir='ltr'><strong>negotium</strong></span> <span class='ocrx_word' id='word_1_215' title='bbox 354 3276 532 3350; x_wconf 80' lang='lat' dir='ltr'><strong>peragere,</strong></span> <span class='ocrx_word' id='word_1_216' title='bbox 566 3282 663 3346; x_wconf 90' lang='lat' dir='ltr'><strong>quum</strong></span> <span class='ocrx_word' id='word_1_217' title='bbox 683 3261 818 3322; x_wconf 87' lang='lat' dir='ltr'><strong>haberet</strong></span> <span class='ocrx_word' id='word_1_218' title='bbox 841 3262 985 3323; x_wconf 89' lang='lat' dir='ltr'><strong>encomia</strong></span> <span class='ocrx_word' id='word_1_219' title='bbox 1008 3275 1116 3323; x_wconf 82' lang='lat' dir='ltr'><strong>aucto-</strong></span> 
     </span>
     <span class='ocr_line' id='line_1_28' title="bbox 44 3367 1116 3466; baseline 0.006 -42"><span class='ocrx_word' id='word_1_220' title='bbox 44 3386 129 3441; x_wconf 88' lang='lat' dir='ltr'><strong>rum,</strong></span> <span class='ocrx_word' id='word_1_221' title='bbox 159 3373 285 3452; x_wconf 81' lang='lat' dir='ltr'><strong>Nepote</strong></span> <span class='ocrx_word' id='word_1_222' title='bbox 303 3388 367 3428; x_wconf 87' lang='lat' dir='ltr'><strong>nou</strong></span> <span class='ocrx_word' id='word_1_223' title='bbox 382 3369 485 3430; x_wconf 86' lang='lat' dir='ltr'><strong>minus</strong></span> <span class='ocrx_word' id='word_1_224' title='bbox 502 3369 701 3454; x_wconf 67' lang='lat' dir='ltr'><strong>celebrium,</strong></span> <span class='ocrx_word' id='word_1_225' title='bbox 731 3369 846 3454; x_wconf 84' lang='lat' dir='ltr'><strong>quibus</strong></span> <span class='ocrx_word' id='word_1_226' title='bbox 866 3369 1047 3466; x_wconf 89' lang='lat' dir='ltr'><strong>eloquentia</strong></span> <span class='ocrx_word' id='word_1_227' title='bbox 1063 3367 1116 3430; x_wconf 87' lang='lat' dir='ltr'><strong>Gi-</strong></span> 
     </span>
     <span class='ocr_line' id='line_1_29' title="bbox 44 3473 1117 3558; baseline 0.003 -25"><span class='ocrx_word' id='word_1_228' title='bbox 44 3474 171 3534; x_wconf 81' lang='lat' dir='ltr'><strong>ceronio</strong></span> <span class='ocrx_word' id='word_1_229' title='bbox 194 3473 369 3554; x_wconf 83' lang='lat' dir='ltr'><strong>majoribus</strong></span> <span class='ocrx_word' id='word_1_230' title='bbox 392 3477 507 3550; x_wconf 86' lang='lat' dir='ltr'><strong>etiam,</strong></span> <span class='ocrx_word' id='word_1_231' title='bbox 540 3497 632 3558; x_wconf 90' lang='lat' dir='ltr'><strong>quam</strong></span> <span class='ocrx_word' id='word_1_232' title='bbox 661 3478 695 3538; x_wconf 89' lang='lat' dir='ltr'><strong>in</strong></span> <span class='ocrx_word' id='word_1_233' title='bbox 718 3476 770 3538; x_wconf 88' lang='lat' dir='ltr'><strong>his</strong></span> <span class='ocrx_word' id='word_1_234' title='bbox 793 3475 979 3558; x_wconf 70' lang='lat' dir='ltr'><strong>fragmentis</strong></span> <span class='ocrx_word' id='word_1_235' title='bbox 998 3473 1117 3536; x_wconf 86' lang='lat' dir='ltr'><strong>sactum</strong></span> 
     </span>
     <span class='ocr_line' id='line_1_30' title="bbox 43 3577 1118 3666; baseline 0.005 -28"><span class='ocrx_word' id='word_1_236' title='bbox 43 3577 99 3654; x_wconf 89' lang='lat' dir='ltr'><strong>est,</strong></span> <span class='ocrx_word' id='word_1_237' title='bbox 131 3579 280 3641; x_wconf 87' lang='lat' dir='ltr'><strong>laudibus</strong></span> <span class='ocrx_word' id='word_1_238' title='bbox 299 3577 482 3642; x_wconf 83' lang='lat' dir='ltr'><strong>efferretur.</strong></span> <span class='ocrx_word' id='word_1_239' title='bbox 525 3584 566 3642; x_wconf 86' lang='lat' dir='ltr'><strong>Et</strong></span> <span class='ocrx_word' id='word_1_240' title='bbox 586 3581 617 3666; x_wconf 51' lang='lat' dir='ltr'><strong>¹si</strong></span> <span class='ocrx_word' id='word_1_241' title='bbox 637 3579 767 3644; x_wconf 91' lang='lat' dir='ltr'><strong>omnino</strong></span> <span class='ocrx_word' id='word_1_242' title='bbox 786 3578 884 3645; x_wconf 68' lang='lat' dir='ltr'><strong>rerba</strong></span> <span class='ocrx_word' id='word_1_243' title='bbox 904 3579 981 3642; x_wconf 84' lang='lat' dir='ltr'><strong>dare</strong></span> <span class='ocrx_word' id='word_1_244' title='bbox 1003 3601 1039 3642; x_wconf 87' lang='lat' dir='ltr'><strong>ac</strong></span> <span class='ocrx_word' id='word_1_245' title='bbox 1061 3581 1118 3644; x_wconf 63' lang='lat' dir='ltr'><strong>dea</strong></span> 
     </span>
     <span class='ocr_line' id='line_1_31' title="bbox 46 3684 1118 3768; baseline 0.007 -25"><span class='ocrx_word' id='word_1_246' title='bbox 46 3684 158 3767; x_wconf 88' lang='lat' dir='ltr'><strong>cipere</strong></span> <span class='ocrx_word' id='word_1_247' title='bbox 179 3685 332 3768; x_wconf 87' lang='lat' dir='ltr'><strong>placitum</strong></span> <span class='ocrx_word' id='word_1_248' title='bbox 353 3687 384 3746; x_wconf 93' lang='lat' dir='ltr'><strong>ei</strong></span> <span class='ocrx_word' id='word_1_249' title='bbox 408 3687 502 3760; x_wconf 86' lang='lat' dir='ltr'><strong>esset,</strong></span> <span class='ocrx_word' id='word_1_250' title='bbox 524 3708 589 3748; x_wconf 88' lang='lat' dir='ltr'><strong>non</strong></span> <span class='ocrx_word' id='word_1_251' title='bbox 606 3685 856 3751; x_wconf 82' lang='lat' dir='ltr'><strong>consentaneum</strong></span> <span class='ocrx_word' id='word_1_252' title='bbox 872 3685 1022 3762; x_wconf 73' lang='lat' dir='ltr'><strong>videtur,</strong></span> <span class='ocrx_word' id='word_1_253' title='bbox 1045 3709 1118 3750; x_wconf 88' lang='lat' dir='ltr'><strong>eum</strong></span> 
     </span>
     <span class='ocr_line' id='line_1_32' title="bbox 41 3788 1116 3880; baseline 0.007 -30"><span class='ocrx_word' id='word_1_254' title='bbox 41 3791 231 3874; x_wconf 88' lang='lat' dir='ltr'><strong>panegyrica</strong></span> <span class='ocrx_word' id='word_1_255' title='bbox 248 3788 456 3880; x_wconf 84' lang='lat' dir='ltr'><strong>ostentatione</strong></span> <span class='ocrx_word' id='word_1_256' title='bbox 475 3796 647 3871; x_wconf 76' lang='lat' dir='ltr'><strong>oratoriam</strong></span> <span class='ocrx_word' id='word_1_257' title='bbox 661 3795 761 3860; x_wconf 84' lang='lat' dir='ltr'><strong>Tullii</strong></span> <span class='ocrx_word' id='word_1_258' title='bbox 779 3795 994 3878; x_wconf 86' lang='lat' dir='ltr'><strong>eloquentiam</strong></span> <span class='ocrx_word' id='word_1_259' title='bbox 1007 3796 1116 3880; x_wconf 84' lang='lat' dir='ltr'><strong>potine</strong></span> 
     </span>
     <span class='ocr_line' id='line_1_33' title="bbox 41 3883 1242 3984; baseline 0.004 -28"><span class='ocrx_word' id='word_1_260' title='bbox 41 3905 326 3982; x_wconf 85' lang='lat' dir='ltr'><strong>exaggeraturum‚</strong></span> <span class='ocrx_word' id='word_1_261' title='bbox 370 3921 462 3984; x_wconf 86' lang='lat' dir='ltr'><strong>quam</strong></span> <span class='ocrx_word' id='word_1_262' title='bbox 491 3899 661 3984; x_wconf 83' lang='lat' dir='ltr'><strong>gravillimi</strong></span> <span class='ocrx_word' id='word_1_263' title='bbox 691 3898 832 3971; x_wconf 83' lang='lat' dir='ltr'><strong>historici</strong></span> <span class='ocrx_word' id='word_1_264' title='bbox 858 3899 1116 3984; x_wconf 81' lang='lat' dir='ltr'><strong>prudentiamne</strong></span> <span class='ocrx_word' id='word_1_265' title='bbox 1154 3905 1155 3910; x_wconf 75' lang='grc'>’</span> <span class='ocrx_word' id='word_1_266' title='bbox 1205 3931 1207 3936; x_wconf 95' lang='grc'><strong><em>·</em></strong></span> <span class='ocrx_word' id='word_1_267' title='bbox 1239 3883 1242 3890; x_wconf 26' lang='lat'>¹</span> 
     </span>
     <span class='ocr_line' id='line_1_34' title="bbox 37 3989 1116 4090; baseline 0.004 -28"><span class='ocrx_word' id='word_1_268' title='bbox 37 3998 217 4066; x_wconf 76' lang='lat' dir='ltr'><strong>modestiam</strong></span> <span class='ocrx_word' id='word_1_269' title='bbox 237 3989 456 4088; x_wconf 83' lang='lat' dir='ltr'><strong>expressorum</strong></span> <span class='ocrx_word' id='word_1_270' title='bbox 474 4006 588 4081; x_wconf 81' lang='lat' dir='ltr'><strong>fuisse,</strong></span> <span class='ocrx_word' id='word_1_271' title='bbox 621 4023 701 4090; x_wconf 86' lang='lat' dir='ltr'><strong>quae</strong></span> <span class='ocrx_word' id='word_1_272' title='bbox 722 4007 858 4069; x_wconf 75' lang='lat' dir='ltr'><strong>virtutes</strong></span> <span class='ocrx_word' id='word_1_273' title='bbox 878 4007 912 4064; x_wconf 89' lang='lat' dir='ltr'><strong>in</strong></span> <span class='ocrx_word' id='word_1_274' title='bbox 928 3995 1116 4088; x_wconf 68' lang='lat' dir='ltr'><strong>fragmentis</strong></span> 
     </span>
     <span class='ocr_line' id='line_1_35' title="bbox 34 4110 1198 4197; baseline 0.003 -28"><span class='ocrx_word' id='word_1_275' title='bbox 34 4110 171 4193; x_wconf 65' lang='lat' dir='ltr'><strong>nostrie,</strong></span> <span class='ocrx_word' id='word_1_276' title='bbox 194 4113 297 4197; x_wconf 72' lang='lat' dir='ltr'><strong>,quasi</strong></span> <span class='ocrx_word' id='word_1_277' title='bbox 327 4113 434 4174; x_wconf 85' lang='lat' dir='ltr'><strong>lumen</strong></span> <span class='ocrx_word' id='word_1_278' title='bbox 461 4112 604 4196; x_wconf 81' lang='lat' dir='ltr'><strong>aliquod</strong></span> <span class='ocrx_word' id='word_1_279' title='bbox 621 4111 920 4196; x_wconf 78' lang='lat' dir='ltr'><strong>splendidissimum,</strong></span> <span class='ocrx_word' id='word_1_280' title='bbox 963 4110 1115 4172; x_wconf 79' lang='lat' dir='ltr'><strong>elucent?</strong></span> <span class='ocrx_word' id='word_1_281' title='bbox 1195 4183 1198 4192; x_wconf 26' lang='grc'>1</span> 
     </span>
     <span class='ocr_line' id='line_1_36' title="bbox 37 4202 1299 4312; baseline -0.002 -34"><span class='ocrx_word' id='word_1_282' title='bbox 37 4220 83 4280; x_wconf 78' lang='lat' dir='ltr'><strong>An</strong></span> <span class='ocrx_word' id='word_1_283' title='bbox 103 4219 285 4312; x_wconf 79' lang='lat' dir='ltr'><strong>verisimile</strong></span> <span class='ocrx_word' id='word_1_284' title='bbox 305 4219 479 4304; x_wconf 79' lang='lat' dir='ltr'><strong>putandum</strong></span> <span class='ocrx_word' id='word_1_285' title='bbox 494 4216 556 4294; x_wconf 81' lang='lat' dir='ltr'><strong>cll,</strong></span> <span class='ocrx_word' id='word_1_286' title='bbox 587 4217 744 4300; x_wconf 87' lang='lat' dir='ltr'><strong>ejusmodi</strong></span> <span class='ocrx_word' id='word_1_287' title='bbox 761 4217 923 4278; x_wconf 80' lang='lat' dir='ltr'><strong>hominem</strong></span> <span class='ocrx_word' id='word_1_288' title='bbox 937 4217 971 4276; x_wconf 88' lang='lat' dir='ltr'><strong>in</strong></span> <span class='ocrx_word' id='word_1_289' title='bbox 985 4214 1114 4303; x_wconf 81' lang='lat' dir='ltr'><strong>laudan·</strong></span> <span class='ocrx_word' id='word_1_290' title='bbox 1170 4281 1174 4287; x_wconf 50' lang='grc'>,</span> <span class='ocrx_word' id='word_1_291' title='bbox 1237 4208 1239 4216; x_wconf 50' lang='lat'>‘</span> <span class='ocrx_word' id='word_1_292' title='bbox 1298 4202 1299 4210; x_wconf 9' lang='grc' dir='ltr'>ἵ</span> 
     </span>
    </p>
   </div>
   <div class='ocr_carea' id='block_1_4' title="bbox 0 0 1357 4760">
    <p class='ocr_par' dir='ltr' id='par_1_8' title="bbox 0 0 1357 4760">
     <span class='ocr_line' id='line_1_37' title="bbox 0 0 1357 4760; baseline 0 0"><span class='ocrx_word' id='word_1_293' title='bbox 0 0 1357 4760; x_wconf 95' lang='lat' dir='ltr'><strong> </strong></span> 
     </span>
    </p>
   </div>
  </div>
 </body>
</html>
