2694 4762
158 309 162 314 ’
238 302 636 387 rnncnnurn.
688 325 886 398 cievit.
948 317 959 335 ⁸
1051 326 1114 390 sss

323 785 338 839 τ
428 783 556 898 ω.
597 785 696 860 vu.

94 949 244 1036 'Praeter
264 971 415 1058 physicos
438 973 708 1059 Homerumque,
752 973 808 1060 qui
837 974 1036 1040 universum
1057 995 1112 1039 or·
1136 993 1149 1036 t

20 1077 96 1142 bem
118 1079 455 1156 maricircumlusum
476 1101 550 1144 esse
572 1079 741 1156 dixerunt,
785 1083 962 1146 Cornelius
988 1087 1127 1166 Nepos,¹
1189 1125 1192 1131 ·

21 1171 55 1246 ut
77 1188 267 1261 recentior,
311 1186 354 1246 ita
382 1188 573 1249 auctoritate
602 1189 743 1266 certior3
785 1185 895 1250 testem
926 1203 1031 1252 eutem
1063 1189 1114 1252 rei

23 1291 62 1387 Q.
85 1293 257 1358 Metellum
279 1293 428 1354 Celerem
450 1275 576 1384 adiicit,
620 1313 758 1378 eumque
787 1295 831 1357 ita
851 1294 1003 1356 retulisse
1025 1313 1114 1356 conr·

23 1413 199 1500 memorat:
264 1397 371 1494 Quum
406 1393 529 1478 Galliae
557 1402 736 1482 proconsul
774 1416 972 1485 praeesset,
994 1400 1113 1478 ¹Iudas

130 1500 146 1528 s
222 1498 225 1502 .

54 1621 368 1698 Praeter'Pliysicos]
386 1627 462 1684 Hine
479 1646 553 1683 surn-
589 1648 645 1687 res.
667 1630 708 1686 τό»
724 1629 821 1687 tradit
845 1631 945 1686 forsan
970 1647 985 1686 e
1009 1627 1115 1687 Plinio

24 1698 58 1752 sit
76 1698 191 1752 Plinius
213 1698 278 1752 Lib.
298 1714 323 1751 a.
344 1710 409 1771 cap.
426 1700 470 1767 67.
497 1699 553 1754 Ne·
588 1699 643 1752 huc
668 1701 811 1756 intrusum
833 1701 880 1754 est.
910 1700 1059 1774 quomodo
1083 1709 1116 1756 et

24 1783 91 1838 pos,
121 1761 249 1838 inquit)
263 1766 300 1822 de
323 1764 555 1840 septentrionali
611 1769 703 1822 larale
719 1768 848 1824 tradunt
866 1769 942 1822 inira
961 1787 1069 1824 comm.
1085 1787 1113 1838 7.

26 1835 151 1890 circuitu
169 1835 281 1901 tradit,
305 1834 341 1909 Q
358 1834 486 1892 Metello
503 1836 552 1910 Ce-
588 1847 739 1893 insertum.
760 1839 809 1892 Sic
827 1849 923 1891 autem
940 1855 1030 1911 eopse
1057 1854 1114 1890 oco

26 1901 97 1968 leri,
127 1905 159 1974 G.
182 1901 306 1974 Afranii
327 1905 361 1970 in
388 1904 553 1959 Consulatu
588 1906 712 1962 Plinius:
734 1903 1028 1979 NeposCorneliuso
1067 1913 1116 1960 tor

27 1969 179 2044 collegae,
199 1972 252 2028 sed
269 1983 332 2028 tum
349 1967 551 2044 Galliaevpro-
573 1984 649 2041 sest,
678 1975 851 2044 Eudoxum
875 1975 1025 2050 quendam
1057 1985 1113 2028 etc.

26 2038 154 2104 consuli,
175 2039 374 2115 [adosarege
386 2037 551 2096 Sacrorum
588 2042 706 2098 videus.
721 2046 747 2100 3.
762 2045 882 2099 Bosius.
898 2044 1115 2116 [Heusingerue

27 2107 204 2165 denodatos
238 2113 302 2182 qui,
323 2109 552 2164 ealndmcom-
588 2113 686 2168 Vossii
711 2115 912 2180 ¹coniecturam
931 2113 1117 2170 incontextas

26 2179 131 2250 mercii
139 2195 247 2232 caussa
258 2180 459 2250 nauigantes,
479 2188 551 2234 tem·
589 2181 732 2253 reposuit.
756 2179 882 2246 Tradit,
902 2179 1115 2254 quodsoliVa·

26 2245 189 2319 pestatilrus
201 2250 341 2304 essentia
355 2247 553 2302 Germaniam
589 2246 677 2302 diano
694 2247 834 2312 debetur,
854 2259 974 2302 notante
988 2247 1115 2302 Taschu·

29 2314 152 2388 abrepti.
178 2313 291 2371 Strabo
310 2333 383 2370 vero
406 2317 552 2371 Arnasen·
589 2319 673 2382 cltio‘,
693 2317 1006 2372 hoceodemauotore
1022 2333 1038 2370 e
1056 2325 1115 2369 tex·

27 2386 80 2448 sis,
97 2383 210 2436 nobilis
228 2384 278 2440 ille
293 2387 355 2440 Geo
376 2385 500 2458 raphus,
519 2384 552 2436 li·
588 2394 621 2438 tu
637 2381 807 2456 ejecimus]

27 2451 79 2504 bro
118 2451 293 2517 undecimo,
338 2402 490 2510 Ilerodota
520 2455 554 2507 in

30 2518 238 2592 Melpomene,
267 2520 424 2578 Heraclidi
446 2521 553 2576 Ponti·
627 2519 716 2578 Indos
727 2520 889 2594 quosdam]
909 2523 952 2575 De
962 2518 1042 2574 veris
1055 2519 1118 2574 sive

29 2607 73 2652 co,
96 2588 281 2654 Posidonio,
300 2589 400 2644 eadem
411 2590 553 2643 Cornelio
589 2591 725 2644 Asiaticis
747 2592 883 2663 plerique
902 2589 1119 2660 accipianteo·
1156 2617 1161 2627 ‹

28 2657 133 2728 Nepoti
148 2659 355 2723 narrantibus,
375 2667 435 2711 non
459 2655 552 2710 credi·
578 2676 671 2722 frum,
714 2659 742 2711 ui
759 2661 819 2724 jam,
834 2657 903 2712 olim
918 2668 1010 2712 totum
1026 2665 1118 2710 terra·

29 2723 84 2790 dit,
104 2726 246 2799 quosdam
261 2726 298 2780 ab
313 2724 395 2780 lndie
411 2723 448 2778 ad
459 2725 554 2780 Gades
575 2743 653 2794 ,rum
665 2745 701 2780 or
724 2743 767 2778 cm
777 2725 1059 2796 circumnavigatum
1069 2741 1119 2777 vo·

29 2810 116 2865 usque
137 2803 166 2847 et
185 2795 362 2848 Germaniae
384 2794 486 2847 littora
503 2810 553 2846 na·
588 2794 660 2849 lunt.
679 2795 792 2874 Quibus
805 2793 893 2848 facile
908 2795 1038 2866 largior,
1056 2809 1118 2846 nou

30 2862 141 2933 nigella.
165 2865 210 2916 De
229 2863 340 2918 Oceani
367 2862 554 2934 navigatione
589 2863 677 2918 modo
708 2863 814 2918 Melam
836 2863 1038 2935 miniumque,
1066 2857 1118 2913 sed

30 2928 88 3002 lege
104 2942 135 2985 et
150 2931 287 2987 Senecae
311 2932 457 2988 Rhetoris
475 2929 553 2985 Sua·
589 2931 677 2985 etiam
697 2934 856 3004 Nepotem,
877 2931 1032 3005 ipsumque
1053 2929 1116 2983 l’or·

31 3000 140 3054 soriam
168 3019 192 3052 ι.
211 3001 262 3053 cui
285 3001 400 3054 titulum
424 3000 500 3052 hane
519 2997 554 3054 de
590 3001 656 3054 telle
681 3000 851 3063 Metellum,
878 3011 1009 3070 sospro
1037 2997 1118 3052 veris
1182 3005 1185 3013 ¹

31 3077 83 3120 vet.
98 3066 200 3121 codiee
216 3069 282 3122 Lib.
294 3089 317 3121 1.
334 3069 488 3122 Observat.
500 3085 556 3139 per
590 3067 737 3123 habuisse.
756 3065 814 3123 Sed
829 3078 861 3122 ut
875 3085 909 3122 ex
925 3067 1061 3122 orientali
1072 3067 1119 3120 ln-

33 3135 161 3189 Saturam
175 3135 373 3191 reddidimus:
395 3133 556 3192 Deliberat
590 3135 649 3201 dia,
668 3137 730 3190 sive
741 3155 796 3209 per
808 3135 1025 3210 Aethiopicum,
1044 3135 1117 3200 sive',

34 3202 219 3267 Alexander,
240 3223 281 3259 an
302 3204 459 3262 Oceanum
474 3205 555 3260 noui·
591 3201 670 3278 quod
693 3207 843 3278 plerisque
867 3203 986 3277 placere
1008 3202 1117 3272 video,

32 3280 88 3344 get.
108 3273 255 3330 Schottus.
590 3289 645 3346 per
674 3273 941 3346 septentrionalem
968 3276 1119 3346 Oceanum

592 3340 628 3394 ad
655 3341 829 3396 Germaniae
852 3342 953 3397 littora
974 3343 1121 3414 navigasse

71 3411 105 3464 Ut
122 3411 287 3475 recentior,
307 3410 353 3466 ita
375 3409 556 3466 auctoritate
592 3407 725 3474 credam,
757 3410 888 3465 nondum
917 3409 1020 3464 adduci
1047 3427 1118 3482 pos-

35 3479 138 3533 certior
147 3478 258 3538 tradit]
279 3479 327 3532 Sic
341 3480 371 3531 in
387 3498 417 3533 sc
437 3478 506 3551 iptis
520 3478 555 3531 li.
590 3495 668 3531 sum:
695 3479 757 3550 qui¹
773 3480 881 3545 sciam,
901 3481 986 3534 mam
1010 3480 1119 3546 hodie,

32 3540 90 3599 bris
103 3549 215 3619 reperit
234 3547 360 3610 Vossius.
386 3497 480 3620 thgo
495 3544 554 3600 edi·
590 3557 639 3599 aut
655 3546 840 3620 impossibile,
859 3559 909 3602 aut
922 3548 1021 3602 saltem
1038 3547 1120 3604 disti·

34 3621 92 3667 tur:
110 3621 211 3672 utrec.
224 3617 422 3680 auctoritate,
443 3618 553 3670 siccer-
591 3615 731 3668 cilliroum
756 3632 838 3682 esse,
860 3635 915 3688 per
934 3618 1120 3689 Septentrio.

23 3684 89 3736 ¹tior
111 3683 218 3740 tradit.
253 3684 370 3740 Vossius
398 3694 556 3755 utrumque
590 3700 656 3735 nem
671 3685 699 3736 in
716 3682 827 3737 Indiam
842 3685 1016 3758 enavigare:
1038 3685 1069 3739 in
1082 3686 1121 3739 t.

24 3757 121 3822 seque
144 3753 276 3826 ineptum
293 3753 449 3817 existimat,
471 3751 555 3823 legit·
591 3750 665 3806 frica
677 3753 945 3828 verpexteriorine
960 3753 1119 3826 uniusquia

25 3829 102 3890 tque:
132 3829 163 3874 ut
186 3821 336 3877 recentior
360 3829 483 3885 auctor,
511 3822 556 3874 ita
592 3818 656 3872 dem
680 3820 807 3888 littoris,
830 3832 879 3875 aut
902 3821 1119 3895 promontorii,

25 3879 149 3954 inertior.
175 3892 270 3962 Atque
292 3888 334 3942 sic
359 3889 422 3942 sere
446 3889 557 3942 Plinius
592 3890 772 3954 autmontis,
790 3887 1120 3963 hedumurbisprovini

26 3955 108 4023 {irin
130 3959 329 4030 Dionysium,
344 3967 495 4014 terrarum
511 3975 556 4012 or·
593 3957 635 4081 (p.
648 3959 721 4027 796.)
738 3959 837 4012 ciaeve
852 3957 929 4031 apud
943 3957 1120 4014 Strabonem

27 4017 78 4078 ³lis
99 4029 175 4082 sitas
198 4027 438 4082 recentissimum
458 4033 557 4082 aucto·
594 4027 724 4098 aiosque
736 4039 867 4080 veterum
882 4024 1120 4080 mentionemlie.

27 4103 105 4148 wem.
126 4095 245 4150 Tacitus
268 4096 366 4148 Aeris.
395 4114 437 4160 ro,
459 4097 485 4151 3.
506 4095 557 4150 Li·
594 4097 637 4163 ri3
656 4095 743 4148 inuno
761 4093 852 4148 adhuc
870 4093 1120 4147 Ptolemaeiaeta-

28 4137 96 4216 laius
118 4172 269 4229 ueterum,
289 4137 396 4220 dubias
417 4161 560 4222 Rusticus
594 4173 622 4218 to
641 4162 803 4226 creditam,
821 4161 920 4216 Asiam
941 4161 1019 4215 ultre
1039 4176 1121 4216 mare

29 4233 199 4290 arenarium
209 4229 449 4318 eloquentissimi
459 4241 558 4290 aucto,
594 4229 726 4286 Indicum
738 4230 858 4304 siricae
873 4229 1043 4299 cohaerere.
1061 4225 1121 4288 Sd
1135 4235 1138 4241 '

620 4325 645 4390 Z
668 4346 686 4388 a

1139 4487 1154 4514 N
