2706 4750
185 358 245 462 5²,ss
341 393 402 416 .-

627 361 846 424 INDEX·

186 489 1255 524 —me

185 565 317 624 diadema
342 569 480 646 (regium
503 576 612 648 cepitis
631 579 705 635 insi-

148 635 154 653 “
217 637 297 716 gne)
319 654 383 690 cum
396 651 512 714 sceptro
525 643 556 698 in
570 645 706 720 22112116-

218 715 305 757 sstum
321 706 361 769 18,
378 725 406 774 7,
423 723 447 764 2.
469 710 518 766 lta
538 711 654 770 solebat
674 718 707 772 in

219 770 292 826 aula
301 772 379 844 fieri
389 813 390 818 =
400 784 429 832 et
452 777 648 838 tabernaculo
664 805 706 840 re-

217 841 277 914 gis.
298 859 383 919 quem
405 863 516 902 morem
538 849 587 904 uic
609 851 707 909 obser·

218 929 288 964 uare
305 911 392 983 pubet
409 912 520 970 Pascls.
543 917 580 974 de
606 938 706 976 coron.

221 997 262 1054 pa,
280 997 320 1034 10.
342 990 374 1034 ut
387 981 539 1038 imitatum
554 986 708 1062 intelliga-

213 1065 285 1104 mus
303 1049 465 1105 Eumenem
491 1055 634 1110 usitatum
664 1077 707 1113 re-

170 1123 173 1128 '
215 1115 276 1190 gni
290 1117 429 1181 schema,
449 1124 668 1200 reponendique
682 1134 710 1182 et

207 1185 397 1260 ,asservandi
425 1186 609 1248 diadematis
641 1215 710 1248 con·

219 1253 418 1311 suetudinem.
459 1259 593 1314 Boccler.
639 1261 709 1317 add.

145 1323 148 1331 '
219 1319 708 1446 ξᾳυιέατοῦεῑνείηεήιηιίο2110221.

174 1445 182 1452 ,
237 1407 264 1462 o,
299 1409 367 1457 ,1.

182 1497 293 1622 Diapee
317 1501 457 1624 t3emplum
480 1523 528 1577 ap.
554 1495 711 1581 Gortynids

219 1584 305 1638 u,9,
343 1607 351 1621 .

184 1653 310 1748 dibapha
324 1679 422 1748 Tyrio,
440 1683 591 1756 purpurae
603 1705 709 1756 genosi

218 1745 257 1799 ir.
272 1746 298 1806 8,
315 1749 341 1801 6.
358 1747 395 1802 de
412 1767 467 1820 qiua
481 1753 619 1819 uidendi,
639 1773 710 1826 quos

214 1813 253 1868 in
275 1820 336 1868 not.
360 1815 560 1877 laudavimus.
586 1823 710 1880 Tertull.

214 1881 258 1968 'de
271 1881 345 1953 pall.
362 1902 386 1938 c.
402 1886 434 1939 3.

188 1996 298 2078 dicere.
316 2003 365 2071 qui
381 2001 511 2070 diceret,
529 2024 566 2060 nc
579 2008 615 2060 eb
631 2027 711 2064 exer·

222 2077 281 2119 cetu
301 2067 480 2136 discederet,
505 2072 649 2142 ediceret,
668 2097 710 2134 ue-

221 2141 301 2206 taret
320 2139 486 2204 discedere,
512 2143 548 2198 de
566 2148 674 2202 aruntio
693 2155 719 2202 a*

221 2222 293 2278 rege
316 2207 356 2263 ad
380 2207 483 2264 ducem
505 2213 597 2268 misso
621 2215 661 2286 14',
684 2217 712 2283 5,

224 2293 247 2325 1.
263 2273 362 2330 dicerc
382 2294 494 2334 eausam
514 2298 541 2347 7,
558 2283 627 2348 4„3.
651 2289 710 2354 119,

220 2342 248 2404 3,
266 2343 311 2404 3.]
326 2363 363 2424 ,oe
389 2345 435 2399 itis
460 2359 506 2419 11„
522 2350 549 2413 3,
576 2352 603 2406 3.
626 2368 667 2419 sa,
687 2370 720 2417 2,

221 2411 248 2466 3.
265 2413 297 2466 in
317 2433 353 2483 Ju
376 2414 435 2469 icio
460 2416 588 2486 capitoli
603 2440 659 2560 pro
682 2441 713 2476 se
741 2436 748 2453 s

222 2481 410 2552 respondere.
432 2480 484 2539 Sic
495 2486 592 2540 dicere
613 2506 658 2541 sco
671 2507 712 2552 sc,

193 2547 255 2619 xin
271 2545 390 2620 judicio
408 2549 473 2606 scil.
494 2575 518 2619 1,
536 2573 563 2622 7,
586 2558 612 2611 5.
640 2577 714 2612 moa

205 2621 313 2672 necho
342 2620 449 2673 i'occrc.
484 2622 582 2678 dicere
605 2623 714 2679 diserte

221 2685 266 2746 16,
282 2689 308 2749 3,
331 2705 356 2741 2.
376 2689 405 2740 in
419 2685 550 2744 diceudo
574 2693 712 2750 exarcitu-

165 2811 167 2817 s
221 2758 267 2804 tus
298 2757 340 2820 15,
365 2757 392 2819 5,
410 2772 435 2812 2.
466 2757 589 2813 dicendo
614 2763 712 2814 velere

125 2873 130 2898 κ
221 2838 249 2886 7,
267 2842 290 2886 1,
307 2825 338 2876 2.“
351 2824 431 2879 llaec
445 2845 503 2880 uox
519 2831 638 2900 proprie
653 2827 713 2884 clo-

221 2893 374 2962 assentiam
389 2901 475 2950 notat
489 2903 518 2950 et
532 2905 638 2952 artem.
655 2895 712 2956 [di-

222 2959 340 3011 ceredc
355 2961 490 3016 vehiculo
502 2969 544 3027 26,
557 2969 583 3030 4,
596 2983 620 3018 2.
634 2983 712 3018 2262-

222 3023 335 3078 dacium
353 3029 396 3089 25,
417 3033 457 3091 15,
479 3045 501 3084 1.
524 3031 623 3086 dicens
646 3047 669 3095 1,
685 3036 711 3097 3,

198 3103 203 3112 ‘
222 3091 248 3146 5.
263 3091 398 3148 dicuntur
411 3095 599 3153 Athenienses
613 3103 671 3173 peti
680 3121 712 3164 2,

217 3177 251 3239 p,
265 3163 291 3214 6.
319 3161 358 3227 18,
374 3163 400 3225 3,
418 3166 444 3218 3.
463 3177 491 3220 et
506 3165 666 3230 habentur,
685 3181 714 3222 et

223 3227 359 3284 dicuntur
372 3235 486 3300 tyranni
502 3255 526 3300 1,
538 3235 565 3300 8,
577 3239 621 3298 3.]
641 3237 711 3292 dici·

222 3305 271 3350 tur
294 3309 415 3350 matrem
445 3300 528 3357 l'aus.
552 3306 650 3358 vietae
676 3323 712 3366 co

221 3373 312 3444 temp.
326 3365 466 3437 refertur,
486 3371 627 3438 traditur,
648 3373 711 3429 sub.

222 3429 329 3520 dietum
345 3435 389 3492 uel
403 3437 503 3498 simile
516 3441 602 3512 quia.
618 3443 712 3510 Vulgo

221 3518 427 3572 graecrsmum
462 3528 536 3574 esse
579 3520 711 3568 censente

223 3567 276 3622 sed
294 3571 439 3630 Latinam
462 3585 713 3650 constructionem

162 3652 168 3668 ⁸
213 3642 302 3704 usse,
331 3659 366 3696 ac
386 3643 515 3703 alteram
538 3648 712 3721 potiussul-

161 3763 163 3770 ¹
222 3709 347 3776 gotum,
367 3709 475 3766 dicitur
494 3728 584 3770 meter
601 3717 713 3780 vixiffe,

196 3821 200 3832 ,
225 3777 388 3842 Graecam,
416 3779 500 3838 docet
526 3783 653 3857 Schopp.
682 3789 743 3872 in*
783 3791 862 3865 quod
887 3787 1033 3848 discessus
1054 3789 1121 3864 ejus
1144 3803 1283 3868 tempus.
1342 3831 1343 3860 ,

222 3863 357 3916 gamm.
381 3847 491 3920 philos.
513 3862 549 3926 et,
564 3854 714 3926 paradox.

224 3915 249 3976 li
275 3923 354 3970 erar.
380 3915 459 3972 adde
483 3918 586 3978 Heins-
612 3921 652 3976 ad
676 3921 716 3978 0-

175 3997 178 4007 ‘
225 3983 284 4042 uid.
301 3979 425 4054 sast.14,
447 3987 507 4052 567.
531 3989 607 4044 dicta
630 3992 667 4044 est
682 3991 716 4050 ,ei

224 4051 391 4181 parprgucqiu
413 4051 715 4179 delffiim'dqpp'dl'

206 4179 210 4186 ⁴
227 4189 285 4242 Cic.
301 4189 354 4264 pra
365 4139 478 4246 'lladcc
488 4141 716 4252 etolliodldinadd

226 4253 341 4328 dicare,
352 4265 381 4312 et
389 4256 583 4322 dicendum.
602 4285 627 4322 u.
646 4265 716 4327 dal.

774 601 850 638 mos.
860 581 897 638 de
906 583 996 638 modo
1003 600 1083 640 usur.
1091 586 1263 640 cadet-Nic.

776 648 933 712 Heins.·cd
951 653 1038 716 Ouid.
1062 654 1141 708 Fast.
1161 656 1188 718 6,
1208 655 1267 722 594.

742 744 1078 825 dietudncredibilsud,
1100 763 1125 826 6,
1150 763 1177 818 3.
1197 765 1267 816 vert
1342 797 1343 840 ,

775 829 882 884 dictum
900 850 926 898 7,
943 831 971 894 8,
986 833 1012 896 4.
1034 834 1078 893 25,
1092 845 1133 895 11,
1144 835 1170 885 6.
1189 829 1269 904 quod

778 897 884 952 dictum
900 915 1001 969 inagna
1011 897 1271 966 invidiaconsccu·

777 978 805 1020 ta
822 967 863 1020 eli
885 981 925 1033 ιο,
941 973 968 1031 6,
985 971 1012 1034 4.
1033 966 1108 1020 sicut
1122 977 1189 1020 autc
1208 965 1268 1020 dic-

777 1045 837 1088 tum
855 1036 891 1090 cst
912 1051 951 1100 io,
971 1054 998 1102 a,
1015 1037 1041 1090 5.
1059 1037 1129 1092 satis
1152 1037 1208 1088 erit
1226 1035 1269 1088 di-

778 1115 853 1157 ctum
876 1107 916 1170 15,
938 1110 1030 1172 10„4.
1055 1119 1098 1173 22,
1124 1105 1153 1168 3,
1178 1106 1205 1158 5.
1227 1105 1269 1168 23,
1342 1091 1343 1169 i

779 1174 804 1236 5,
832 1177 858 1238 4.
887 1173 1020 1244 longius,
1053 1187 1139 1242 quam
1164 1171 1271 1225 dictum
1342 1235 1343 1244 ἵ

779 1242 846 1294 ciret
859 1243 901 1302 25,
918 1258 943 1304 2,
953 1245 980 1307 4.
998 1241 1179 1314 capitulatim
1192 1239 1272 1293 dicta

780 1315 823 1376 24,
850 1313 876 1373 3,
898 1311 943 1370 3.]

746 1418 890 1472 dictitare.
902 1418 1004 1490 vulgus
1014 1415 1165 1477 dictitabat
1175 1426 1272 1494 tyren·
1342 1451 1343 1488 3

778 1505 847 1538 num
856 1505 915 1540 aon
926 1484 1095 1552 iacendum,
1113 1483 1274 1556 crebroJa-

779 1554 897 1620 ctabat,
918 1572 959 1620 ιο,
972 1572 998 1620 7,
1009 1555 1035 1608 3.
1053 1551 1272 1618 dictitantheno
1342 1573 1343 1582 ³

780 1623 835 1676 sibi
860 1639 921 1676 csse
945 1622 1017 1677 beili
1040 1639 1169 1686 causam,
1186 1637 1273 1694 prae·
1342 1622 1343 1642 ¹

778 1689 921 1754 tendunt,
959 1687 1190 1758 epooaciesm,
1216 1687 1274 1745 hoc

777 1769 903 1817 utuntur
914 1765 1074 1831 praetextu
1087 1759 1114 1821 6,
1137 1763 1203 1842 124.

745 1873 871 1932 dictator
886 1875 994 1928 Fabius
1012 1877 1054 1938 23,
1066 1875 1092 1937 5,
1105 1889 1128 1930 1.
1146 1875 1273 1930 Diceba.

777 1957 827 2000 tur
854 1944 903 1998 hic
929 1944 1146 2013 magistratus,
1175 1945 1216 2006 (i.
1246 1964 1273 2001 c.

779 2013 907 2070 dicendo
916 2014 1085 2077 creabatur)
1103 2011 1273 2067 liincdicta.

779 2093 844 2151 tor,
865 2101 882 2136 a
893 2085 1102 2153 propriouoce,
1122 2081 1274 2150 ἀυτοκρά-

778 2167 839 2220 τωρ
866 2147 1013 2220 spacupds
1035 2147 1142 2220 Polyb.
1161 2149 1276 2204 dicitur

779 2221 805 2275 3.
826 2219 896 2274 luist.
921 2219 1052 2271 ultimum
1075 2219 1165 2270 rebus
1182 2219 1275 2288 trepi-

780 2285 824 2340 dis
841 2286 1010 2349 coosilium,
1032 2285 1095 2340 Liu.
1113 2291 1143 2352 4,
1159 2287 1203 2340 56.
1218 2304 1277 2356 quo

785 2355 921 2410 Romani
931 2353 971 2407 od
982 2353 1200 2408 uindicandam
1210 2373 1277 2408 mn-

781 2425 873 2480 ximis
883 2422 1025 2495 periculis
1036 2443 1127 2494 remp.
1139 2424 1197 2478 usi.
1215 2421 1281 2477 Vel-

781 2489 833 2563 [ej.
848 2497 873 2555 2,
891 2491 934 2555 23,
958 2505 983 2544 2.
1007 2509 1091 2560 (picem
1110 2489 1165 2544 loc.
1174 2489 1279 2562 felici·

782 2568 827 2614 ter
848 2560 978 2614 restituit
995 2559 1121 2615 Gerard.
1143 2560 1277 2614 Vossius.

780 2630 881 2684 Boecl.
904 2627 987 2682 Adde
1005 2635 1066 2682 not.
1082 2627 1220 2680 Boecleri
1235 2627 1282 2683 ad

782 2705 848 2754 tum
863 2696 918 2752 loc.
935 2698 1016 2766 [pari
1031 2713 1064 2749 ac
1078 2692 1209 2750 dictator
1223 2696 1278 2748 im-

780 2765 866 2836 perio
885 2768 928 2828 23,
947 2767 973 2828 5,
992 2767 1036 2822 3.]

748 2878 903 2947 dictumde
918 2883 1202 2955 orationecoptiosa
1219 2880 1281 2950 [ac
1296 2865 1298 2870 ,

780 2950 879 3024 potius
887 2950 1087 3023 depromisso,
1103 2949 1282 3023 eoquequod

781 3021 933 3078 conuenit]
956 3032 985 3084 1,
997 3037 1022 3080 2,
1035 3021 1061 3071 5.
1071 3017 1113 3081 de
1124 3021 1283 3085 sententia

782 3106 808 3144 s.
822 3107 905 3143 uersu
923 3087 1105 3151 Homeriuo,
1123 3091 1152 3154 6,
1169 3093 1196 3154 4.

749 3203 827 3258 dicto
844 3203 964 3259 audiens
983 3205 1087 3271 alicui,
1114 3204 1282 3262 obediendi

781 3272 887 3348 signifi
910 3277 937 3338 6,
962 3287 986 3338 1,
1003 3292 1026 3327 2,.
1044 3287 1085 3342 11,
1100 3291 1126 3339 c,
1147 3294 1170 3327 1.
1193 3280 1236 3344 14,
1251 3293 1280 3338 2,

780 3343 806 3396 3.
831 3342 916 3404 iussis
939 3343 1060 3410 alicujus
1083 3360 1123 3410 17,
1147 3347 1175 3412 4,
1198 3361 1225 3398 2.
1252 3363 1280 3398 u.

781 3408 910 3464 aildiens.

748 3517 811 3572 dies
829 3517 1000 3578 [detuserst
1012 3497 1053 3583 16,
1073 3538 1100 3584 2,
1113 3522 1140 3576 5.
1151 3520 1211 3574 diei
1221 3539 1284 3575 mu.

782 3605 837 3659 gna
851 3605 919 3658 pars
938 3588 978 3650 18,
993 3591 1019 3652 4,
1037 3595 1077 3650 1.]
1097 3605 1184 3660 quem
1200 3589 1283 3643 diem

783 3656 825 3708 sic
841 3654 921 3708 univ.
942 3655 1024 3708 civit.
1047 3669 1208 3728 prosecuta
1230 3659 1282 3722 eii,

782 3723 804 3778 i.
839 3745 863 3778 e..
895 3739 980 3784 auem
1007 3722 1189 3790 discessum,
1220 3727 1285 3782 siue

783 3865 827 3926 25,
852 3864 878 3928 4,
905 3864 930 3915 5.
955 3861 1024 3914 Dios
1052 3881 1107 3932 pro
1128 3882 1181 3928 eo,
1200 3860 1286 3934 qaod

782 3947 837 4002 per
859 3928 941 3984 diem
966 3929 1087 3986 accidit.
1112 3949 1138 3985 u.
1162 3941 1226 3988 not.
1248 3937 1285 3987 et
1342 3974 1343 4000 ,

784 4015 857 4072 quos
871 3996 916 4052 ibi
937 3996 1137 4055 laudavimus.
1158 4003 1208 4057 lta
1229 4001 1284 4058 lo·
1342 4001 1343 4048 1

785 4083 858 4120 ann.
882 4083 920 4132 ι2,
940 4083 980 4134 27.
1000 4073 1030 4122 et
1044 4067 1150 4124 Marci
1174 4074 1216 4136 14,
1233 4069 1285 4124 35.

784 4133 851 4200 dipo
872 4136 994 4206 proco,
1012 4135 1090 4210 quod
1111 4137 1145 4192 in
1167 4153 1205 4193 ea
1230 4139 1285 4192 sis·

784 4201 957 4258 stutendum
973 4210 1049 4259 erat.
1068 4201 1130 4258 dies
1147 4204 1288 4265 inducia.
1342 4221 1343 4236 ¹

783 4287 853 4326 rum
863 4273 1034 4345 proeteriit,
1050 4275 1215 4344 seminus,
1231 4285 1285 4348 η,
