2706 4750
132 337 269 435 .⁸ffi4

638 361 854 424 isaar
973 338 975 352 '

224 488 1289 514 mmm-m

241 549 322 610 scere
338 545 381 620 α5,
397 551 439 621 ab,
458 573 481 606 ι.
499 566 623 628 propter
636 557 730 630 digni-

239 632 330 676 tatem
356 622 482 676 honores
508 623 534 676 ei
562 636 664 697 patent
686 625 729 692 ι5,

240 692 267 758 6,
293 694 341 748 ι.]
369 689 493 764 dignitas
514 694 667 764 equestris,
695 694 732 750 de

175 803 178 812 .
241 755 348 812 ordine
363 766 392 814 e't
407 757 526 814 nobilit.
541 764 670 834 equitum
690 763 729 818 R.

239 828 274 882 25
301 845 324 892 1,
338 846 357 878 1.
379 825 512 899 dignitati
522 829 644 894 servire,
664 850 731 898 conf
766 834 778 854 ⁸

239 913 275 950 su
290 912 337 950 cre
348 896 572 952 existimationi
585 906 613 952 et
623 899 733 954 honori

239 980 294 1018 suo
314 964 357 1026 ι5,
381 966 407 1030 6,
432 965 457 1018 5.
485 963 608 1037 dignitas
630 985 733 1034 magna

239 1031 385 1102 corporis,
394 1039 524 1104 augusta
532 1036 732 1109 corporisfor·

226 1118 308 1168 pra,
334 1101 499 1155 corasistens
520 1102 553 1155 in
576 1108 732 1175 magnitu-

239 1167 329 1240 dine,
349 1171 550 1240 proportione,
563 1178 592 1225 et
600 1171 731 1254 pulchri-

145 1281 151 1287 .
239 1235 352 1291 tudine.
380 1237 503 1290 Loccen.
531 1257 568 1304 ιο,
595 1259 618 1304 ι,
640 1261 664 1295 ι.
689 1241 730 1294 ds-

240 1307 332 1377 gnitas
347 1303 479 1372 honesta,
499 1307 635 1364 mascula
648 1319 677 1364 et
690 1311 730 1366 ai·

240 1391 283 1427 ror
295 1370 392 1444 digna
414 1372 624 1446 pulchritudo,
643 1382 670 1433 si
688 1385 729 1432 to·

181 1437 728 1514 ‚mmmmm

217 1569 224 1580 .
238 1527 277 1573 ιι,
295 1512 320 1564 5.
331 1509 482 1581 grandius
495 1511 621 1577 dicitur,
640 1531 734 1585 quom*

239 1587 398 1643 uenustas,
437 1586 490 1632 aut
525 1579 728 1653 pulchritudo.

140 1650 147 1667 “
238 1645 283 1716 ita
312 1645 436 1710 dignitas
450 1648 561 1702 formae
578 1668 674 1722 saepe,
694 1649 728 1702 τὸ

165 1729 170 1742 ¹
237 1713 728 1780 eldosd'ffisouevpouvidos.(athas.

238 1781 414 1846 Buchneri.)
441 1783 543 1838 Etiam
560 1785 729 1855 deseminis

238 1861 409 1923 usurpatur.
428 1853 585 1904 Zenobiam
608 1855 727 1928 dignita-

237 1926 265 1968 te
281 1919 392 1972 ferinae
406 1917 482 1970 haud
496 1919 668 1992 degenerem
683 1942 728 1977 re·

259 1994 382 2056 atatam,
401 1995 505 2040 auctor
526 1997 569 2042 est
595 1990 665 2045 Tac.
689 2009 741 2057 ιι,

236 2001 278 2116 ξι,
292 2057 319 2120 4.
335 2055 356 2108 ι’.
366 2076 391 2112 e.
408 2053 551 2124 reforma
563 2074 653 2130 supro
667 2058 725 2112 ual-

236 2139 344 2196 garem
362 2132 506 2194 augusta,
539 2143 584 2178 ινα
599 2143 726 2195 genero·

237 2209 272 2246 so
285 2193 433 2261 agnitum.
451 2143 550 2247 Boecl.

797 560 925 614 steriora
937 557 1028 612 uerba
1047 574 1067 610 a
1090 554 1200 630 glossa
1215 561 1288 623 sunt,

798 625 877 700 qssod
894 626 1035 682 Piccarto
1050 626 1168 691 uisum)
1188 645 1214 682 ν.
1232 631 1288 680 not.

799 697 843 750 sio
860 695 942 768 diligi
952 695 1066 778 turpius
1081 711 1168 766 quam
1184 711 1240 766 par
1255 697 1289 748 eli

800 781 842 830 ιι,
864 767 894 833 3,
916 761 1107 835 attingere
1128 780 1188 816 ιιοιι
1211 777 1288 816 secus

799 850 833 886 ae
851 833 942 885 filium
966 850 1005 899 ιο,
1028 849 1059 897 a,
1075 849 1108 885 a.
1134 831 1290 902 praecipue

766 957 769 968 .
800 904 843 967 ι5,
864 903 901 962 ιο,
921 919 946 954 ι.
966 901 1032 971 plus
1049 900 1092 962 ι5,
1112 899 1139 964 5,
1155 901 1183 964 4.
1200 898 1290 969 pluri·

800 987 877 1020 inum
896 969 936 1031 ι5,
958 980 986 1037 4,
1008 988 1030 1022 ι.
1053 967 1212 1022 timebatur
1233 983 1290 1019 non

800 1035 905 1100 minus,
922 1055 1007 1110 quarn
1023 1033 1202 1106 diligebatur
1218 1051 1245 1100 7,
1262 1051 1288 1102 7,

799 1100 847 1174 3.]
874 1103 955 1178 diligi
972 1121 1060 1178 quam
1082 1101 1172 1156 metui
1190 1101 1291 1156 maluit

803 1171 971 1230 Timoleon.
994 1191 1037 1239 aa,
1063 1172 1089 1232 3,
1112 1175 1140 1237 4.
1168 1167 1290 1294 djligens

799 1241 942 1308 veritatis,
963 1239 1142 1311 φιλαλήᾶηι
1167 1255 1210 1302 ια,
1244 1259 1289 1301 ,ι.

799 1308 939 1382 diligente
955 1321 1039 1383 patre
1054 1309 1096 1361 uti
1112 1309 1158 1372 ι5,
1179 1322 1204 1370 ι,
1227 1326 1250 1360 ι.
1269 1309 1289 1362 i.

800 1396 825 1432 e·
837 1385 970 1439 amante:
993 1378 1053 1434 nisi
1060 1375 1152 1430 malis
1158 1391 1216 1444 pro
1225 1392 1290 1447 par·

799 1465 832 1500 co
845 1449 993 1520 accipere,
1012 1444 1159 1518 quomodo
1176 1439 1289 1498 Cicero·

798 1534 868 1569 nem
885 1535 920 1570 ea
933 1535 1000 1572 uoce
1015 1513 1228 1568 utiobseruant
1242 1513 1290 1567 Gi-

790 1581 863 1654 fan.
898 1584 960 1640 obs.
996 1585 1030 1640 L·
1064 1584 1100 1636 L.
1137 1597 1213 1654 pag.
1245 1599 1288 1648 70.

799 1651 926 1726 Schopp.
948 1671 991 1724 ep.
1013 1650 1049 1705 de
1065 1651 1140 1705 disc.
1164 1651 1233 1704 Lat.
1253 1651 1289 1704 L.

796 1738 869 1794 pag.
896 1726 939 1790 94.
971 1727 999 1775 et
1022 1719 1141 1776 Pareus
1171 1719 1205 1772 in
1229 1717 1289 1774 lex.

797 1792 911 1846 critico.

763 1897 885 1982 diligens
896 1895 1021 1970 imperii,
1042 1887 1183 1952 deducis
1202 1893 1289 1951 indu·

796 1975 871 2021 stria
893 1975 920 2022 et
940 1973 1061 2020 strenua
1079 1965 1288 2022 administrat.

796 2054 860 2158 9¹31,
876 2055 898 2090 2.
916 2033 985 2114 Tpli
1000 2028 1143 2116 loquendi
1148 2030 1291 2104 formido

826 2115 870 2157 ec.
899 2103 1028 2156 strenuus
1051 2103 1177 2156 militiae
1199 2103 1224 2158 3.
1250 2101 1287 2156 Η.

566 2194 644 2250 uelde
664 2203 726 2254 not.
793 2176 837 2239 42,
852 2173 878 2225 6·
896 2178 950 2232 cet,
969 2171 1068 2224 Boecl.

238 2257 279 2312 ad
303 2262 332 2314 n.
355 2259 374 2314 l.
399 2259 537 2332 dignitate
560 2274 662 2332 portus
679 2282 726 2316 ur.
761 2254 917 2328 diligenter
937 2247 1098 2326 [obire'rm
1116 2276 1139 2320 1,
1158 2259 1184 2322 4.
1205 2266 1289 2320 nota.

113 2357 121 2364 -
171 2335 175 2344 '
237 2319 303 2382 bem
317 2328 496 2400 aequiparat,
514 2347 578 2398 pra,
590 2329 726 2404 splendo-

217 2414 269 2450 ·re
280 2405 313 2452 et
327 2396 468 2450 visendae
483 2399 528 2452 rei
545 2403 641 2468 specie
657 2419 682 2468 a,
699 2403 724 2462 (ι,

238 2485 262 2520 ι.
282 2464 427 2537 dignitate
437 2466 512 2517 vitae
528 2485 625 2521 onanes
642 2486 732 2539 supe--

235 2549 302 2608 raro
320 2553 347 2596 7,
370 2552 409 2596 ιι,
431 2551 455 2584 a.
480 2553 546 2588 ciem
570 2535 726 2608 splendore

189 2624 199 2632 «
233 2603 396 2674 pungitur,
429 2600 669 2685 intelligiturque
692 2601 726 2654 τὸ

192 3199 196 3206 ,
232 3143 284 3217 pla
302 3143 404 3196 funere
429 3144 535 3198 efferre
557 3163 638 3213 eum,
658 3166 724 3219 pro·
749 3163 754 3177 “

157 3388 165 3401 ’
197 3395 383 3469 digrediens,

222 2671 428 2733 asisivonpents
440 2671 498 2728 μετ’
517 2673 727 2738 ευτραπελειάι

234 2739 285 2789 noi
298 2737 434 2804 Χάριτος.
460 2738 592 2792 Boauler.
613 2758 668 2812 pro
684 2739 725 2790 di-

254 2805 342 2858 nitate
359 2803 459 2857 vivere
470 2808 521 2877 Χι5,
543 2825 569 2876 ι,
595 2826 621 2860 a.
638 2805 725 2862 intel-

234 2819 343 2947 ligitur
359 2870 408 2926 hii
425 2871 560 2946 dignitas
578 2876 656 2930 uitae
674 2895 724 2930 eu·

234 2948 322 2996 actae
333 2940 374 2995 acl
388 2939 425 2996 ια’
441 2942 632 3008 καθήκοντα,
652 2961 727 3014 qitae

235 3009 343 3063 bonum
362 3027 401 3062 sc.
426 3011 519 3065 virum
540 3010 632 3066 decet.
653 3015 725 3064 Boe·

233 3076 304 3128 cler.
316 3095 371 3147 pro
382 3075 520 3150 dignitate
533 3078 658 3131 hominis
668 3096 724 3130 am-

233 3216 267 3263 ut
286 3219 416 3266 meretur·
438 3211 521 3266 illius
538 3213 670 3272 conditio
688 3224 739 3271 αι’

227 3277 354 3350 ‘fortuna
374 3281 415 3350 18,
433 3283 460 3347 4,
474 3284 502 3348 lp.

402 3397 506 3470 paullo
526 3407 614 3467 ante,
631 3399 722 3458 disce·

234 3465 326 3531 dens,
350 3469 388 3533 ι4,
409 3489 450 3534 ιι,
470 3471 497 3534 4.
647 3472 653 3492 “

194 3582 305 3650 dilabi,
335 3583 433 3657 fasga,
468 3592 496 3640 et
515 3580 718 3654 discessione,
776 3638 782 3650 ,
816 3638 822 3651 ,
1226 3639 1233 3654 ‚

230 3667 288 3724 quo
313 3653 432 3724 quisque
452 3661 562 3726 potest,
592 3653 720 3710 salutem
755 3635 910 3722 (immite)
940 3659 1098 3714 pugnares
1131 3637 1285 3711 praelum!

227 3726 327 3794 petere
358 3723 393 3784 6,
438 3739 463 3788 2,
502 3723 528 3777 3.
570 3723 720 3794 Exemplo

229 3785 407 3859 etamplior.
414 3793 538 3862 exposit.
549 3791 576 3844 'u-
588 3810 636 3913 ap.
649 3790 718 3849 Ma·

137 3865 145 3872 “
229 3864 285 3912 ret.
294 3875 356 3910 vor.
367 3856 477 3926 lectu,
495 3860 520 3911 5.
531 3861 631 3915 Boea.
648 3861 720 3915 dila·

228 3925 339 3978 buntur
353 3926 456 3996 copiae
471 3925 555 3980 simul
572 3945 636 3980 cum
648 3948 719 3982 nun·

228 3993 286 4054 tio,
310 3990 347 4048 de
368 3993 451 4050 nuda
474 3991 655 4052 discessione
678 3999 718 4063 ιθ,

229 4061 255 4121 3,
273 4063 301 4126 l.

196 4171 320 4246 diligere
354 4195 477 4246 puerum
507 4196 606 4234 amor-c
632 4200 718 4236 vene·

205 4429 217 4482 i

231 4260 284 4311 seo
304 4255 332 4314 4,
349 4255 376 4316 4,
399 4265 421 4302 ι.
445 4247 525 4312 (nisi
546 4257 649 4312 tamen
668 4271 721 4326 po·

795 2342 827 2378 re
847 2329 886 2390 ι4,
908 2344 948 2390 ιι,
971 2341 995 2376 ι.
1021 2341 1125 2378 curare
1146 2323 1187 2390 18,
1210 2341 1237 2392 9,
1261 2326 1288 2378 5.
1339 2357 1341 2408 ,

795 2391 903 2445 babere
918 2391 1063 2462 cognitum
1076 2394 1119 2458 ι5,
1135 2391 1176 2457 18,
1195 2411 1217 2443 ι.
1229 2410 1291 2446 non
1339 2411 1341 2442 ι

795 2463 863 2514 satis
884 2449 1039 2534 diligenter
1062 2459 1180 2530 vigiliae
1200 2476 1289 2530 agun-

795 2538 843 2582 tur
858 2531 884 2591 8,
904 2533 932 2594 4,
953 2533 999 2594 4.]
1018 2528 1113 2581 minus
1132 2527 1290 2598 diligenter

796 2594 850 2650 boc
873 2598 999 2659 celamr,
1025 2595 1182 2665 proditur,
1209 2593 1289 2649 dete-

793 2666 878 2738 gitur
896 2685 934 2721 ee
949 2662 1143 2738 negligentia
1164 2682 1191 2734 a,
1211 2663 1238 2730 5,
1260 2663 1286 2716 3.

793 2917 911 2985 ligentia
928 2919 1016 2971 multa
1033 2929 1185 2989 comparet
1199 2917 1228 2970 in
1241 2917 1288 2970 liis

792 2985 879 3040 libris
901 2991 943 3053 ι4,
962 2988 988 3048 3,
1010 2989 1036 3052 4.
1063 2987 1198 3040 auctoris
1219 2983 1286 3038 scil.

793 3052 943 3126 diligentia
957 3054 1035 3108 omni
1054 3053 1193 3127 affectare
1207 3071 1287 3105 mun-

793 3120 910 3188 ditiam,
938 3124 1022 3177 omni
1043 3123 1143 3178 studio
1170 3123 1216 3186 ι5,
1243 3123 1286 3186 ι3,

792 3190 819 3244 5.
838 3187 1033 3264 [diligentiam
1045 3191 1187 3244 adhibere
1199 3191 1228 3242 in
1239 3207 1287 3242 cu·

791 3258 881 3311 randa
897 3258 1064 3313 valetudine
1078 3262 1122 3325 ι5,
1139 3261 1183 3320 ai,
1198 3258 1225 3311 5.
1243 3255 1288 3310 di·

790 3325 910 3397 ligentia
928 3327 991 3400 pari
1014 3345 1043 3379 se
1069 3327 1218 3398 praebere
1241 3327 1286 3388 ιδ,

782 3413 817 3462 ’7,
831 3398 857 3450 5.
874 3406 950 3448 tanta
963 3395 1093 3448 officinm
1105 3413 1187 3448 suurn
1199 3411 1286 3466 prae.
1338 3393 1339 3420 t

790 3463 856 3516 ilitit
875 3465 917 3530 ι5,
935 3483 961 3532 n,
980 3469 1005 3530 4.
1032 3461 1203 3534 diligentia,
1224 3479 1285 3515 ιιοιι

788 3531 1026 3622 ριοτίο,“Ροιιιϊ
1042 3533 1083 3596 ι5,
1108 3532 1149 3596 13,
1168 3534 1215 3598 4.]

788 3715 973 3766 cornnuttere
988 3727 1014 3776 7,
1032 3711 1060 3774 8,
1076 3728 1101 3762 ι.
1122 3726 1197 3762 moa·
1215 3723 1282 3760 oon·

761 2773 1154 2854 diligentia',Epaminondae
1174 2780 1288 2836 deside·
1339 2827 1340 2832 ,

793 2859 891 2915 ratur,
910 2851 1096 2918 φιλοπονία,
1116 2851 1156 2912 ι5,
1169 2869 1196 2920 7,
1207 2869 1228 2902 1.
1244 2847 1288 2901 di·
1339 2893 1340 2900 ,

788 3775 1338 3848 Qmpdmmdmffln=

790 3848 831 3912 ι4,
854 3861 881 3910 7,
904 3845 930 3899 3.
950 3843 1088 3900 dimicare
1105 3845 1227 3898 armies
1256 3861 1283 3907 ι,
1337 3851 1338 3900 1

788 3931 813 3968 a.
830 3928 894 3964 cum
910 3913 1009 3986 aliquo
1028 3915 1109 3980 ι6,4,
1125 3930 1148 3965 ι.
1169 3888 1282 3992 equita-

786 3991 827 4044 tu,
842 3979 976 4102 geditatu
992 3981 1032 4045 18,
1049 3981 1076 4044 3,
1094 3982 1121 4034 6.
1144 3979 1183 4033 ad
1199 3973 1284 4034 dimi-

787 4065 1048 4183 attaliam
1066 4047 1285 4189 satiata.

786 4202 886 4239 versus
904 4203 1007 4256 quem,
1026 4185 1181 4250 resistere,
1200 4185 1233 4240 in
1247 4201 1283 4238 α-
1336 4199 1337 4218 ³

787 4254 862 4310 eum
876 4257 960 4312 exire
980 4251 1022 4310 ad
1041 4275 1065 4322 ι,
1082 4255 1110 4322 l,
1128 4254 1155 4330 5,
1171 4251 1281 4320 [21732

928 4444 934 4471 t
